4292 5650
319 242 402 351 166
555 238 1060 341 Onerararrounm
1086 228 1581 321 itinerariorum

118 517 124 525 ¹
193 518 199 524 ,
300 442 313 463 ‘
370 420 826 522 Paaexxvssl„
859 416 1532 521 ›tammamftrnarnenrarium
1580 417 1686 507 Male
1711 420 1818 511 Brit-l

315 540 557 653 tenburgum
574 535 910 622 armamentarium
929 531 1037 619 sitisse
1051 532 1206 633 scribit,
1237 562 1354 645 quem
1372 530 1626 644 plurimorum
1648 562 1816 623 errorem

315 650 439 739 refelli
461 655 501 735 in
519 645 796 743 Dissertationc
819 677 904 737 mea
925 648 1019 759 Cap.
1039 648 1077 731 ir
1098 676 1199 761 pag.
1220 668 1254 751 5.
1285 644 1392 756 quod
1412 668 1541 733 autem
1564 677 1658 735 mox
1678 680 1698 734 a
1715 650 1821 733 Dru-

316 769 355 868 so
374 760 589 849 extrnilarn
605 762 751 843 Arcem
773 758 907 862 addit,
934 762 1174 871 opinionem
1196 763 1393 864 Clutorii,
1424 780 1467 845 ut
1484 762 1601 863 solet,
1632 764 1823 872 sequitur‚·

317 898 586 990 quar-atamen
618 872 789 989 suniliter
819 872 985 963 refutavi
1013 875 1277 987 &plis-pa
1298 940 1306 957 .
1331 900 1435 959 roo..
1465 876 1548 961 Sed
1562 872 1709 987 pedem
1728 904 1827 987 pro=

315 1020 463 1077 moveo
487 987 535 1071 ad
555 985 855 1097 Brittenbcrgas
867 1031 883 1088 ·‚
914 997 1015 1097 quoa
1035 984 1268 1073 monteasu'
1303 1017 1324 1072 e
1342 982 1503 1072 dic'itad
1518 1016 1639 1104 pagos
1655 988 1756 1073 Leer
1775 990 1827 1075 aa

317 1102 578 1201 Sarmatis,
610 1101 748 1207 eosque
765 1104 873 1187 a'srro
890 1102 1005 1201 brit,
1035 1099 1079 1185 id
1099 1100 1495 1215 est.terra.·congesta,
1510 1104 1564 1193 *aa
1579 1122 1717 1187 monte
1738 1103 1826 1187 dim

317 1238 381 1305 tos
401 1215 618 1327 praecipit,
646 1233 763 1324 atque
787 1212 953 1299 eandem
974 1212 1071 1299 dicit
1089 1216 1397 1325 originationem
1424 1214 1540 1300 Areia
1560 1214 1827 1305 Britannicae

317 1330 398 1421 Sed
420 1328 549 1434 sibrit
564 1356 636 1437 per
655 1327 692 1411 se
708 1325 911 1439 adgestum
923 1346 1058 1414 terrae
1076 1331 1273 1415 cumulum
1302 1326 1492 1430 denotat,
1506 1399 1509 1405 ,
1522 1328 1615 1441 quid
1633 1358 1732 1441 opus
1753 1328 1831 1415 ad·'-

318 1444 413 1551 dcte
436 1443 563 1551 berg,
593 1437 635 1524 id
667 1438 964 1555 elimontem?
995 1439 1091 1552 qnid
1114 1442 1241 1553 „enirn
1259 1470 1375 1525 mons
1405 1439 1540 1543 aliud,
1578 1472 1692 1551 quam
1719 1463 1830 1529 terra
1956 1454 1964 1467 '

318 1556 505 1671 congesta
535 1554 827 1663 cumulataque?
871 1556 1007 1657 Qrare
1050 1552 1079 1637 si
1125 1557 1182 1637 illi
1211 1558 1368 1641 marites
1396 1558 1728 1665 (Brittanbargos
1747 1556 1834 1651 de-‚r

318 1670 463 1785 signo)
507 1670 548 1751 in
586 1667 633 1749 iis
662 1669 773 1748 terris
810 1667 1024 1764 visuntuc‚:
1040 1674 1138 1775 quae
1167 1695 1190 1749 a
1216 1667 1411 1750 littoribus
1436 1669 1668 1759 Britanniae
1687 1678 1827 1779 roppoass

318 1784 399 1872 sitis
429 1778 534 1867 haud
579 1784 702 1891 longe
746 1780 835 1877 sunt
869 1799 1050 1869 remotae
1069 1836 1094 1879 ‚.
1109 1778 1338 1889 vprobabile¹
1357 1778 1413 1865 est
1436 1777 1835 1883 admodum'aB'rifi

320 1899 449 1983 tannis
480 1896 657 1991 accolis,
694 1909 738 1973 ut
772 1895 890 1976 multa
920 1893 991 1975 alia
1018 1890 1289 2007 pereundam
1315 1894 1470 1979 Oceani
1499 1890 1664 1978 trastum
1691 1896 1821 1994 loca,

320 2009 372 2097 de
396 2011 535 2120 quibus
554 2010 597 2089 in
619 1998 898 2089 Dissertatione
913 2004 1044 2091 nostra
1062 2003 1338 2116 disputavimus
1353 2068 1367 2111 ‚
1381 2005 1457 2093 elle
1472 2034 1623 2115 nomen
1641 2006 1822 2115 adeptos.
1894 2018 1896 2021 ’

318 2124 467 2216 Arcem
497 2118 762 2204 Britannicam
774 2146 913 2219 uero,
932 2115 1023 2204 iire'
1042 2116 1370 2232 Brittenburgum
1388 2121 1431 2203 in
1448 2114 1547 2205 loco.
1563 2124 1707 2205 altiorer
1716 2118 1824 2205 lirilse

320 2263 407 2326 non
431 2232 600 2320 constat:
629 2234 672 2312 in
700 2232 835 2331 littore
857 2250 987 2323 tamen
1002 2252 1073 2317 aut
1087 2257 1211 2341 prope
1227 2233 1335 2315 littus
1357 2230 1466 2317 sruile
1487 2238 1637 2317 certum
1666 2230 1743 2333 est,
1773 2228 1824 2318 ad

322 2344 431 2457 quod
460 2344 489 2430 sr
520 2345 655 2429 tumuli
684 2342 843 2431 suerunt
871 2345 996 2444 olim,
1031 2364 1074 2429 ut
1097 2371 1205 2425 nunc
1229 2344 1357 2437 sunt,
1392 2342 1498 2421 farte·
1521 2344 1828 2439 iniiaexcitata
1929 2432 1932 2437 ,

321 2462 398 2547 suit
429 2458 540 2558 Arx,
568 2451 634 2540 sed
667 2458 757 2566 quia
786 2458 841 2538 illi
873 2456 1216 2564 perpetuemur,
1246 2448 1469 2565 longilluno
1502 2450 1826 2542 nattuoceano

323 2572 518 2686 praeteriti
539 2597 624 2655 non
645 2568 738 2651 huic
760 2569 886 2678 magis
911 2572 1034 2666 loco,
1063 2592 1181 2675 quarn
1204 2566 1308 2664 aliis,
1337 2592 1489 2650 nomen
1517 2562 1662 2670 dedisse
1687 2567 1829 2655 viden·

323 2707 397 2795 tur.
455 2686 507 2769 Et
546 2703 678 2767 tamen
713 2674 916 2789 quomodo
949 2674 1047 2763 dare
1083 2696 1335 2787 potuerunt,
1377 2674 1569 2788 siquidem
1607 2684 1744 2791 tumuli
1770 2682 1826 2767 illi

324 2800 485 2910 Oceani
495 2789 689 2882 sutoribus
716 2789 859 2898 obiecii
889 2818 978 2878 non
1006 2792 1151 2900 bergen
1169 2809 1236 2876 aut
1257 2792 1408 2877 britten
1447 2791 1691 2897 uetustiismra
1706 2822 1845 2883 acco·

323 2900 489 3006 lentium
511 2912 668 3024 lingua,
698 2901 766 2990 sed
790 2905 915 3007 dunen
937 2903 1336 3016 appellatisuerunt,
1366 2902 1411 2988 id
1436 2903 1735 3015 quodamultia
1760 2927 1830 2994 ana

325 3025 543 3136 tiquillrmis
575 3019 773 3126 vocabulis
807 3015 1051 3105 declaratur?
1081 3021 1234 3103 Verum
1269 3047 1366 3129 quae
1402 3016 1465 3118 de,
1494 3020 1683 3216 conffiesta
1712 3021 1828 3135 burgi

327 3143 428 3224 illius
457 3139 564 3224 mole
598 3138 641 3218 in
663 3137 752 3220 loco
782 3133 1043 3226 eminentiore
1069 3149 1388 3230 commemorat,
1415 3153 1576 3240 quomo
1608 3162 1633 3218 ο
1662 3161 1709 3220 ea
1736 3147 1831 3220 con-

327 3249 599 3368 granarium,
630 3241 801 3356 quaeda
825 3243 973 3332 eodem
993 3244 1118 3357 burgo
1141 3243 1284 3358 pagina
1316 3253 1406 3332 128.
1433 3241 1653 3356 traditlego
1680 3249 1832 3361 quidem
1897 3239 1899 3242 ’

331 3367 398 3458 lma
415 3365 679 3446 Romanorum
704 3356 891 3464 castellam
916 3363 957 3441 in
967 3359 1084 3468 plano
1108 3374 1318 3470 apertoque
1339 3359 1477 3442 littore-
1499 3357 1722 3448 marauna
1733 3357 1851 3468 fuis--

322 3474 634 3586 secrediderr'm.
703 3471 809 3552 Nam
839 3467 939 3563 liin
960 3473 1080 3580 plano
1116 3472 1248 3556 littore
1286 3469 1537 3574 extrullurn,
1576 3472 1778 3582 quomodo
1813 3503 1852 3558 a.

333 3591 459 3698 berg,
490 3585 533 3670 δι
552 3579 778 3674 construlla
792 3583 1045 3670 eminentiori
1063 3583 1107 3669 in
1129 3589 1220 3672 loco
1247 3587 1353 3668 mole
1372 3585 1849 3696 appellationemcepitl.

334 3705 487 3811 Verum
517 3726 660 3810 operae
679 3693 839 3803 forsitan
859 3697 1030 3808 pretium
1048 3693 1167 3782 scierit
1182 3697 1422 3812 cognoscere
1447 3715 1613 3809 etymon
1637 3699 1854 3784 Britanni.

334 3846 428 3918 cae,
458 3815 627 3928 ingenio
648 3807 854 3900 Clarissimi
872 3811 960 3894 Viri
982 3811 1272 3920 excogitatum,
1288 3835 1431 3918 ,neque
1450 3809 1572 3898 credo
1591 3813 1660 3896 ulli
1684 3810 1836 3896 (1οᾶΗο-

335 3959 422 4028 rum
436 3929 626 4014 Virorum
645 3924 725 4011 hoc
741 3941 923 4035 tempore
931 3923 980 4010 in
992 3941 1170 4009 mentem
1188 3921 1301 4012 sacile
1321 3944 1546 4012 venturum.
1603 3926 1693 4011 Hoc
1710 3923 1856 4012 modo:

213 4083 223 4091 ·
300 4056 304 4065 '
338 4061 470 4126 autem
496 4040 641 4128 noster.
985 4101 990 4106 ·
1379 4117 1384 4126 .
1813 4113 1817 4122 .
1850 4113 1857 4123 .

395 4152 516 4238 Pac.
547 4153 766 4240 CXXXI.
796 4153 887 4238 Brit
900 4159 1001 4266 “ergo
1014 4153 1264 4265 coassidanrli
1278 4154 1598 4269 figniflratr'orrem
1615 4155 1756 4242 habere
1774 4153 1859 4236 irat

341 4262 571 4359 dicavimus>
588 4287 656 4370 tan
677 4293 773 4351 cero
796 4267 886 4354 dens
913 4268 995 4377 est,
1024 4271 1249 4380 resociaret
1285 4272 1452 4354 omnium
1478 4273 1657 4380 partium
1675 4265 1859 4376 humana:

343 4379 518 4491 corporis
534 4373 759 4489 sacciffima,
787 4378 843 4478 &⁹
870 4379 1107 4492 durifflm'a,
1137 4383 1245 4489 ruffut
1270 4385 1511 4472 contrarium
1531 4377 1595 4479 est,
1615 4397 1711 4472 nat3
1735 4375 1858 4488 parad»

350 4489 546 4578 humidum
568 4489 623 4592 &
645 4483 889 4601 molliffimam
906 4510 1044 4603 corpus
1063 4493 1230 4579 denotat.
1290 4495 1409 4582 Nunc
1433 4494 1547 4600 vulgo
1563 4489 1841 4599 deltosrrirjrrrr·

344 4613 490 4764 gitur,¹
507 4603 778 4719 scribiturque
797 4602 927 4741 tand,'
942 4620 1066 4720 porro
1091 4603 1148 4692 ica
1169 4607 1231 4698 od
1247 4605 1331 4698 laica
1351 4609 1449 4702 idem
1463 4601 1708 4743 quociejeffla
1719 4602 1843 4826 νὲξς

1023 4801 1185 4873 §·‘“.
