4292 5650
330 445 343 462 ,
493 337 1653 488 nounrrnuuuonco
1724 399 1831 504 109

207 661 221 670 α
328 585 373 646 ac
388 559 432 644 P.
453 555 644 645 Gabinius
665 555 826 647 Marsos.
867 552 1001 641 Modo
1025 551 1242 640 baec-vera
1269 547 1314 640 sat
1332 555 1483 640 Dionis
1499 555 1600 643 libro
1618 559 1716 644 LX.
1736 589 1826 674 pag.

328 681 422 778 ⁶?0·
452 673 629 782 scriptura
636 727 651 770 ,
682 669 733 754 de
753 685 827 780 qna
843 687 994 752 certant
1013 665 1220 778 Xylander
1240 665 1285 752 δι
1301 665 1557 754 Leunclavius
1570 669 1612 754 in
1630 676 1826 758 notissuis

330 783 379 870 ad
395 787 501 868 illum
516 786 776 893 Scriptorem3
805 777 907 865 adde
927 780 975 864 dr
991 777 1252 864 Torrentiurn
1271 777 1317 862 ad
1338 783 1572 866 Suetonium
1595 781 1826 873 inClaudio

325 925 408 1007 cap.
428 897 605 982 XXIV.
637 896 713 980 Per
733 894 831 980 haec
854 909 982 978 nartem
1002 914 1180 1004 tempora
1202 890 1532 1002 dedicatamputo
1552 923 1677 999 aram,
1709 928 1825 1010 quam

326 1011 501 1120 Caligula
523 1028 587 1098 aut
607 1006 754 1113 jusserat
772 1025 885 1110 antea
902 1004 1022 1106 fieri,
1039 1031 1104 1088 aut
1118 1003 1341 1112 inchoarat;
1370 1007 1532 1090 memini
1557 1036 1711 1117 quoque
1730 1035 1820 1098 ante

250 1151 257 1163 ·
323 1123 366 1206 in
388 1123 546 1227 Batavia
565 1113 672 1206 fuisse
692 1116 897 1210 Claudium
906 1177 936 1220 .,.
954 1116 1210 1208 cumdetesia
1225 1119 1490 1224 conjuratione
1505 1119 1648 1228 Lepidi
1662 1121 1822 1210 &Gae-

324 1235 435 1319 tulici
457 1236 561 1320 inter
579 1237 753 1350 Legatos
775 1231 820 1316 ad
837 1229 1109 1346 gratulandum
1135 1233 1230 1335 Cajo
1249 1227 1375 1314 missus
1404 1231 1456 1315 est
1479 1233 1522 1314 in
1543 1231 1821 1338 Germaniam,

314 1359 462 1435 aerum
483 1362 642 1434 non'ea
668 1370 752 1432 tum
771 1345 975 1456 legationis
998 1345 1123 1458 gratia
1150 1341 1258 1442 fuit,
1294 1363 1337 1428 ut
1358 1371 1417 1426 ara
1445 1342 1567 1452 pnsrta
1592 1350 1821 1432 memoriam

313 1461 428 1548 suam
451 1461 591 1548 sacrare
616 1459 733 1545 suerit
758 1461 883 1557 ausos,
921 1455 1014 1543 vide
1037 1458 1273 1542 Suetonium
1299 1456 1342 1540 in
1368 1455 1534 1541 Claudio
1564 1487 1647 1568 cap.
1668 1463 1748 1545 lX.
1780 1463 1824 1546 dr

323 1571 430 1660 reae
448 1601 624 1662 orarem
638 1573 783 1660 Ortelii
802 1567 959 1682 castigat
977 1571 1119 1685 ,Junius
1137 1569 1179 1654 iu
1199 1569 1383 1653 Bataviae
1398 1569 1563 1656 Historia
1578 1599 1659 1682 cap.
1673 1574 1725 1658 X.
1756 1575 1822 1683 qui

284 1704 288 1712 “
314 1714 354 1792 (a,
364 1684 531 1775 Claudio
561 1689 603 1770 in
629 1683 885 1795 expeditione
908 1683 1133 1769 Britannica
1160 1711 1259 1769 aram
1280 1682 1634 1794 Brittenburgicam
1660 1683 1825 1795 positam

323 1793 477 1905 scripsit.
536 1800 633 1890 Non
657 1819 788 1899 autem
802 1821 827 1888 a
842 1792 1017 1884 Claudio.
1029 1791 1207 1901 iuscripta
1234 1791 1289 1878 est
1311 1792 1499 1902 inlepide
1523 1798 1724 1908 Caligulae
1742 1829 1824 1886 me·-

323 1910 480 2008 moria,
511 1930 553 1992 ut
570 1911 736 1992 maxime
756 1905 993 2006 illaetabile,
1024 1913 1126 2009 cujus
1150 1905 1193 1988 dr
1220 1933 1329 1988 aerea
1354 1905 1578 1992 numismata
1600 1907 1648 1992 ad
1669 1911 1823 1995 aboleu-

324 2018 416 2107 dam
438 2018 510 2104 diri
531 2020 771 2110 hominis&
799 2017 1111 2105 truculentillini
1142 2015 1295 2124 Imperii
1317 2019 1546 2102 memoriam
1567 2022 1655 2105 sunt
1678 2021 1824 2108 confla·

233 2149 241 2156 ’
322 2151 384 2233 ta,
412 2151 456 2216 ut
473 2135 601 2219 scribit
617 2136 705 2217 Dio
727 2133 826 2218 libro
847 2131 944 2216 LX.
966 2159 1054 2241 pag·
1068 2131 1164 2236 679.
1199 2167 1231 2234 lp
1257 2137 1276 2223 ’π’
1299 2137 1340 2222 ,ssi
1364 2127 1387 2206 ἕ
1415 2141 1492 2207 sas!
1517 2143 1618 2234 μνήμῃ
1643 2144 1822 2236 ἀχθόμενοι

312 2256 507 2346 ‚nifrr'p'repa
523 2255 553 2324 is
569 2256 798 2342 guadsonis,
831 2250 939 2322 iroth
964 2254 1063 2328 riio'ru
1082 2250 1160 2322 civia?
1185 2247 1430 2340 andrapon
1452 2251 1536 2342 siff,
1550 2247 1824 2346 ’συγχυῦευὲιίνω

313 2367 473 2458 syvam
515 2362 603 2469 Caji
624 2382 721 2444 veru
740 2358 1073 2466 maneriamexufi
1093 2382 1200 2440 omne
1214 2383 1371 2443 aereum
1389 2361 1597 2466 numisma,
1624 2367 1821 2476 quodejas

314 2478 528 2579 ,imaginem
552 2466 741 2567 haberes,
770 2470 935 2660 caffari
948 2471 1153 2578 jusserant.
1213 2468 1320 2552 Citra
1343 2469 1530 2554 Rhenum
1558 2503 1652 2559 vero
1685 2482 1820 2564 conse·

324 2585 447 2670 crarit
467 2584 567 2669 hanc
586 2611 689 2667 aram
709 2581 804 2667 Clau
835 2582 916 2679 ius,
945 2576 1053 2689 quod
1079 2581 1185 2664 hunc
1211 2581 1549 2694 fluviumimperii
1573 2589 1627 2669 sui
1656 2589 1820 2675 limitem

313 2695 370 2788 .&
394 2696 602 2782 terminum
624 2692 699 2778 elle
727 2693 868 2778 voluit.
927 2693 1032 2778 Nam
1057 2721 1146 2778 cum
1178 2694 1352 2780 Corbulo
1386 2693 1564 2781 Chaucos
1592 2699 1822 2788 inferiorem
1892 2737 1900 2756 ⁸
2000 2737 2007 2746 ·

216 2850 221 2859 ·
312 2807 582 2899 Germaniam
602 2807 840 2891 incursantes
857 2807 1129 2906 summoveret,
1159 2803 1201 2891 dr
1219 2809 1261 2891 in
1285 2805 1412 2895 hostili
1434 2809 1514 2895 solo
1532 2813 1823 2900 ultralihemrm

321 2924 544 3017 moliretur,
575 2916 675 3006 adeo
696 2917 879 3009 Claudius
897 2948 1043 3006 novam
1058 2920 1101 3006 in
1122 2916 1332 3003 Germania
1349 2922 1428 3005 vim
1444 2923 1669 3031 prohibuit,
1700 2950 1742 3011 ut
1760 2958 1820 3013 re-

244 3096 249 3105 .
311 3028 610 3143 ferri-praesrdia
632 3031 686 3115 cis·
701 3030 887 3120 Rhenum
907 3032 1079 3134 juberer,
1105 3030 1206 3115 testis
1226 3032 1280 3115 est
1302 3031 1467 3137 Tacitus
1491 3034 1704 3121 Annalium
1720 3040 1818 3126 libro

319 3148 392 3234 Χῖ.
417 3174 500 3256 cap.
527 3168 598 3251 19:
619 3144 773 3227 Bellum
788 3164 916 3229 autem
935 3142 1017 3227 hoc
1039 3172 1060 3227 a
1083 3140 1308 3227 Corbulone
1334 3147 1456 3228 altero
1477 3146 1562 3255 post
1583 3150 1819 3260 triumphum

319 3260 590 3347 Britannicum
611 3284 716 3340 anno
736 3254 887 3371 gestum
903 3274 1083 3363 potatur,
1114 3254 1332 3365 triumphus
1352 3284 1523 3369 namque
1550 3260 1615 3348 ille
1639 3262 1819 3373 Crispino

261 3378 268 3385 ’
320 3374 367 3459 dr
391 3372 527 3457 Tauro
549 3370 808 3468 Consulibus,
834 3364 967 3467 idest,
999 3388 1137 3479 quarto
1167 3367 1450 3479 imperiianno
1476 3370 1631 3459 testibus
1651 3378 1817 3481 Eusebio

313 3486 369 3572 ¹&
387 3480 628 3570 Caffiodoro·
642 3482 697 3569 est
716 3480 835 3572 astus.-
889 3480 1075 3567 Existimo
1099 3501 1228 3568 tamen
1254 3502 1357 3567 ante.
1371 3482 1632 3573 Britannicam
1656 3490 1817 3601 expedi·

320 3600 472 3685 tionem
488 3596 554 3684 suh
572 3596 685 3689 initio
701 3593 858 3704 Imperii
884 3593 1093 3677 Claudium
1123 3620 1225 3677 aram
1247 3594 1351 3679 hanc
1377 3593 1426 3679 ad
1453 3600 1660 3687 Oceanum
1677 3608 1817 3689 ronse·
1904 3692 1906 3697 ,

271 3732 275 3737 ’
312 3709 448 3799 ῑετειίῐο.
507 3706 1097 3818 Nampostillumtriumpbom
1121 3734 1224 3803 aras,
1250 3706 1367 3817 idest
1387 3709 1551 3811 limites,
1573 3716 1670 3799 ultra
1689 3718 1817 3801 Ocea·

312 3848 419 3908 naun
444 3816 663 3929 produxit:
701 3816 807 3906 rande
836 3820 993 3921 Poeta,
1025 3818 1158 3903 nescio
1187 3817 1298 3928 quis,
1328 3819 1369 3903 in
1400 3820 1605 3908 Cataledbis
1630 3828 1815 3943 Scaligeri

191 3994 195 3999 -
318 3962 407 4048 pag.
425 3941 518 4021 208.
548 3930 701 4019 Pithoni
712 3960 803 4047 pag.
829 3953 891 4036 50.
922 3930 974 4017 de
990 3930 1191 4018 Britannia
1216 3929 1424 4017 aChudio
1442 3956 1552 4045 capta

311 4110 320 4121 '
433 4132 438 4142 ’
473 4102 868 4220 Oceaaufipue'rn-as
899 4106 1053 4237 ultrast
1078 4104 1230 4220 respicit
1253 4104 1407 4191 Anas.
1494 4088 1500 4095 ⁵

175 4328 183 4339 -
317 4268 403 4375 Qui
419 4268 550 4354 versus
570 4266 671 4351 adeo
694 4268 844 4353 nostrae
870 4264 1103 4376 expofitioni
1132 4270 1346 4383 convenit,
1375 4288 1420 4352 ut
1441 4269 1560 4357 Poeta
1584 4302 1687 4359 aram
1713 4272 1814 4363 hanc

320 4380 369 4461 ad
385 4379 1182 4487 Brittenborgum&Ooeauum'eresiam
1202 4378 1597 4489 spectabamus,
1625 4384 1693 4471 nili
1713 4389 1815 4476 sorte
1934 4426 1943 4439 ¹

322 4490 500 4577 Claudius
518 4497 647 4604 plures
665 4490 879 4578 Alexandri
896 4496 1080 4601 exemplo
1096 4496 1232 4579 erexit.
1292 4492 1371 4579 Sed
1392 4498 1482 4605 quia
1502 4524 1642 4585 omnes
1661 4504 1812 4601 versus,

320 4629 535 4713 quanquam
554 4632 637 4707 non
660 4608 775 4693 tinius
799 4607 975 4705 Poetae,
1004 4606 1079 4691 huc
1106 4608 1285 4717 inprimis
1317 4604 1488 4709 faciunt,
1517 4616 1727 4697 nonnullos
1747 4612 1811 4699 hic

316 4714 622 4818 recensebimus,
649 4720 719 4819 sed
735 4720 878 4837 demtis
903 4717 999 4818 inde
1018 4722 1195 4916 maenibus
1226 4721 1373 4831 quibua
1391 4721 1701 4831 pulmentari
1721 4726 1810 4813 sunt

309 4878 331 4913 .·
1205 4859 1226 4941 3
1722 4840 1809 4925 Au·
