4292 5650
479 261 1652 413 -unsnrnnnnnunoo
1790 334 1868 444 μ’

318 496 567 598 munitque
588 483 774 574 enGndii
794 489 1114 597 inscriptionibus
1132 486 1568 616 intelligiturzvidpng.
1590 492 1680 578 XC
1687 493 1765 582 lX.
1786 520 1822 602 3.

319 604 466 690 CXX.
492 630 530 686 a.
560 601 797 696 CLXXV.
825 629 881 686 1..
917 599 1076 689 Graecis
1097 629 1252 711 quoque
1276 601 1416 688 eadem
1431 606 1557 689 littera
1572 607 1820 716 geminatur,

243 727 244 734 ‘
318 713 469 802 t'umetst
489 715 617 798 Poscis
640 713 791 800 Latinis
816 711 898 800 fere
920 715 1089 824 Syllaba.
1098 714 1222 824 prima
1245 714 1460 823 corripitur.
1521 717 1819 807 consueverunt

317 827 402 930 lruc.
416 825 540 912 modo
557 826 817 916 Barba-rorum
836 829 1000 914 nonina
1018 827 1059 912 in
1082 853 1104 914 o
1122 827 1263 936 pariter
1282 825 1327 910 &
1353 827 1398 908 in
1419 853 1464 911 us
1484 832 1691 915 terminare
1710 828 1822 943 Lan·

160 1027 172 1034 ,
290 953 292 958 ’
317 941 386 1040 pi,
415 935 509 1024 hinc
527 942 631 1026 Sana
654 938 698 1024 &
716 937 1174 1050 Saxnnus‚.Anonym0
1204 937 1425 1024 Ravennati
1456 941 1556 1026 libro
1574 944 1622 1024 V.
1645 969 1728 1051 cap.
1748 955 1816 1034 28.

316 1057 435 1140 etiam
453 1056 583 1138 Sontas
602 1053 829 1142 nominatur
843 1052 1009 1163 ..Frifio
1035 1051 1079 1143 δι
1104 1051 1277 1164 sciſsus,
1306 1051 1452 1135 Franco
1479 1051 1522 1136 bc
1548 1053 1739 1156 bancos,
1759 1055 1816 1145 ’8ο
1862 1083 1868 1090 ·

315 1191 414 1274 quse
440 1185 638 1275 praeterea
666 1167 839 1250 recenset
862 1165 1048 1269 Nicolaus
1067 1158 1257 1255 ,Heinsius
1286 1158 1335 1246 ad
1357 1165 1552 1268 Vellejum
1572 1165 1815 1273 Paterculum

287 1337 294 1346 -
314 1279 416 1366 libro
432 1277 487 1360 ll.
509 1304 591 1386 cup.
614 1297 703 1379 105.
736 1277 781 1362 &
799 1274 851 1362 lic
871 1275 1162 1384 Burgundio&
1174 1275 1443 1388 Burgundios.
1474 1274 1696 1362 Contendit
1715 1307 1814 1390 quo·
1922 1385 1931 1392 ,

231 1460 235 1466 ,
314 1418 392 1501 que
413 1390 554 1476 Isaactu
579 1388 736 1485 Vossius
755 1388 796 1474 in
817 1387 1157 1476 observationibus
1186 1388 1235 1475 ad
1255 1388 1516 1496 Pomponium
1542 1387 1693 1483 Melam
1710 1392 1814 1479 libro
1908 1439 1912 1446 ·
1988 1407 1993 1412 ’

276 1551 278 1556 -
311 1503 392 1588 lll.
416 1529 498 1612 cap
520 1521 554 1604 5.
584 1501 745 1602 infiae,
774 1503 974 1600 Batauos,
1004 1503 1146 1590 Battus
1166 1501 1211 1585 &
1226 1503 1369 1596 Barros
1390 1497 1497 1586 suilla
1520 1499 1674 1604 diclos,
1704 1501 1815 1592 addit
1985 1505 1988 1511 ’

312 1639 511 1724 praeterea
528 1615 751 1702 Batnoonts
775 1615 850 1698 Vir
871 1615 932 1701 Cl.
950 1613 1092 1702 Mensa
1111 1612 1255 1726 Alting
1273 1613 1314 1693 in
1333 1614 1474 1698 notitia
1493 1609 1732 1718 Germaniae
1747 1619 1813 1702 ln·

313 1725 465 1808 serioris
486 1725 636 1831 partes.
659 1754 749 1836 pag.
774 1735 837 1810 10.
867 1729 983 1831 quam
999 1725 1228 1812 sententiam
1247 1723 1321 1806 alio
1342 1725 1434 1806 loco
1453 1720 1500 1806 ad
1515 1754 1686 1824 examen,
1699 1757 1813 1816 revo-
1907 1815 1913 1822 ,

312 1836 494 1922 cabimus.
552 1832 665 1920 Nihil
688 1861 821 1942 porro.
837 1830 1054 1940 vulgatius,
1085 1855 1198 1942 quam
1224 1830 1426 1917 Gallorum
1445 1824 1812 1950 Germauonunque

311 1949 476 2038 uomina
497 1946 586 2030 ino
609 1947 809 2034 terminari
832 1987 847 2046 a
883 1943 978 2030 hinc
999 1941 1158 2052 Regis,
1189 1943 1326 2052 Gaistr,
1354 1942 1455 2036 forte
1477 1947 1520 2031 &
1538 1949 1686 2060 Lupia,
1715 1981 1812 2060 quo·

312 2087 400 2146 mm
425 2081 685 2164 monumenta
707 2059 749 2142 in
780 2057 939 2144 Batavia
956 2057 1164 2165 vicinisque
1190 2059 1300 2142 terris
1326 2058 1502 2164 iuventa
1520 2068 1810 2170 opportuniore

310 2177 403 2260 loco
422 2167 695 2281 producemus.
752 2167 799 2259 A
813 2199 912 2258 voce
936 2171 1052 2276 Gaiso
1073 2167 1199 2262 actara
1218 2197 1338 2278 porro
1360 2169 1625 2280 Radugar'sits‚
1655 2174 1707 2262 de
1731 2203 1811 2286 quo
1844 2212 1847 2219 ²
1893 2227 1899 2236 =

310 2281 472 2372 Orofius
498 2285 598 2370 libro
619 2281 719 2369 Vll.
740 2303 781 2387 J.
802 2293 884 2392 cip.
909 2305 972 2389 ῃ.
1003 2278 1228 2397 jornandes
1251 2278 1300 2365 de
1327 2281 1559 2395 Regnorum
1586 2287 1630 2372 δι
1659 2309 1812 2399 tempo

309 2427 397 2482 mm
411 2389 672 2497 successione:
700 2395 953 2504 marginum
974 2395 1156 2483 nominat
1173 2389 1358 2489 Zosimus
1374 2397 1427 2478 in
1451 2395 1619 2483 Historia
1634 2400 1735 2486 libro
1753 2405 1808 2488 V.

311 2539 395 2619 cap.
419 2511 482 2594 26.
513 2503 761 2592 Referebdus
781 2504 858 2596 buc
879 2535 1035 2618 quoque
1051 2508 1261 2614 Adosqrius
1283 2504 1383 2616 aptrd
1396 2507 1660 2619 Eginlnartum
1676 2512 1715 2615 iu
1728 2514 1810 2599 vita

253 2687 255 2692 ,
312 2622 445 2706 Caroli
462 2620 601 2732 Magni
633 2649 715 2732 cap.
737 2621 816 2704 Vl.
845 2619 889 2706 &
911 2623 1103 2729 Amngus
1126 2647 1206 2728 cap.
1229 2617 1281 2702 X.
1313 2619 1410 2722 Non
1434 2637 1563 2723 autem
1583 2650 1809 2735 quenquam
1854 2667 1859 2674 ·

306 2731 395 2820 sore
412 2753 531 2843 putu,
562 2734 628 2844 qui
652 2727 851 2818 Camdeni
868 2731 920 2825 de
939 2733 1067 2818 Infulis
1091 2732 1315 2816 Britanniae
1328 2733 1477 2826 secutus
1500 2731 1758 2843 opinonem,¹
1786 2768 1808 2825 a

310 2850 494 2943 Brittis,
531 2873 628 2950 quos
647 2846 786 2959 Junius
814 2874 864 2929 ex
891 2844 1130 2935 Batavorum
1150 2846 1285 2957 lingua
1311 2846 1473 2955 cespites
1504 2846 1806 2957 interpretatur,
1908 2904 1915 2913 .

305 2953 592 3065 -Brittenburgo
627 2983 777 3039 nomen
808 2954 975 3044 inditum
1010 2958 1232 3053 existimet,
1270 2956 1541 3064 qu0d=contra
1570 2960 1807 3063 incursantes

303 3062 433 3151 undas
453 3060 641 3177 oppositis
669 3093 855 3177 aggerum
884 3065 1049 3151 molibus
1074 3066 1217 3172 cespite
1240 3062 1320 3151 live
1343 3068 1508 3149 Brittan
1530 3069 1703 3153 munitus
1723 3069 1806 3157 stre·

307 3182 370 3265 rit.
430 3178 529 3263 Non
548 3206 612 3261 me
627 3182 776 3275 latent,
807 3204 905 3287 quae
933 3176 985 3261 de
1012 3176 1223 3291 aggeribus
1244 3171 1292 3260 ad
1316 3177 1396 3261 vim
1422 3179 1573 3262 Oceani
1593 3185 1804 3292 reprimes.

305 3291 399 3377 dam
415 3289 579 3401 disputat
596 3290 727 3375 Dousa
752 3288 965 3375 Annalium
987 3288 1089 3375 libro
1116 3288 1192 3372 Vl.
1225 3304 1339 3399 atque
1366 3289 1439 3374 alii.
1487 3288 1626 3377 Putem
1651 3314 1803 3397 atatem,
1972 3324 1977 3335 ’

306 3398 523 3513 fiunquam
543 3430 592 3487 ex
612 3404 753 3511 cespite
773 3421 935 3515 aggeres
950 3396 1129 3507 ejusmodi
1147 3398 1305 3495 scierunt
1323 3398 1372 3484 ad
1389 3402 1619 3505 Oceanum,
1648 3435 1733 3493 non
1750 3408 1802 3493 ad
1829 3404 1833 3409 ’

299 3516 629 3627 Brittenburgum
649 3515 772 3623 magis
781 3574 801 3617 ,A
826 3542 945 3625 quam,
964 3514 1005 3597 in
1032 3514 1112 3599 aliis
1138 3514 1292 3597 Oceani
1313 3515 1507 3609 littoribus
1538 3542 1608 3623 per
1634 3516 1800 3609 Galliam
1878 3602 1886 3621 ‚

302 3624 453 3739 fictiia.
482 3626 604 3734 Quod
636 3624 818 3712 limitem
844 3652 1217 3737 peromnemeum
1245 3623 1409 3711 crassum
1431 3627 1671 3729 extiterunt,
1702 3658 1800 3741 quae
1904 3660 1911 3665 ·

299 3738 428 3827 caussa
444 3742 522 3839 est,
552 3768 621 3823 cur
641 3739 924 3849 Brittenburgo
940 3738 1095 3847 potius,
1128 3766 1243 3849 quam
1266 3739 1354 3835 aliis
1371 3736 1420 3823 ad
1439 3742 1644 3827 Oceanum
1656 3743 1798 3829 Castel-

298 3856 351 3941 lis
370 3875 436 3937 nuc
451 3849 619 3939 Arcibus
639 3877 787 3941 nornen
807 3849 1020 3937 dederint?
1060 3852 1184 3935 lmmo
1206 3878 1302 3936 vero
1324 3852 1451 3935 minus
1480 3847 1529 3935 ad
1557 3850 1798 3952 Brittenbur-
1908 3960 1912 3963 ,
1970 3946 1975 3956 ,

296 4018 299 4025 1
349 3994 438 4065 rm,
476 3993 590 4076 quam
621 3963 663 4064 in
703 3966 785 4051 aliis
803 3962 975 4071 ,Oceani
1005 3964 1199 4049 littoribus
1231 3990 1375 4077 aggere
1406 3959 1479 4055 suit
1510 3990 1607 4073 opus
1641 3964 1799 4061 adelu-

243 4140 249 4150 -
294 4119 302 4163 .·
332 4077 463 4170 andos
487 4075 662 4177 tructus,
697 4068 802 4185 quod
834 4077 876 4159 in
905 4074 983 4159 hoc
1011 4080 1100 4161 loco
1126 4079 1253 4185 amplo
1279 4074 1412 4159 Rheni
1442 4070 1541 4159 ollio
1571 4076 1818 4183 haurieban2¹

297 4184 374 4279 ns.
423 4276 426 4286 ,
456 4194 618 4297 Quanto
654 4210 784 4279 autem
818 4186 1053 4298 probabilius
1088 4184 1180 4285 est,
1218 4189 1375 4271 Brittos
1409 4185 1540 4271 idest
1577 4191 1797 4289 Britannos

301 4300 364 4387 hic
384 4305 477 4390 olim
500 4302 706 4404 habitasse,
733 4324 847 4411 atque
866 4300 973 4411 abiis
991 4296 1197 4385 Castellum
1214 4298 1292 4391 hoc
1305 4325 1454 4382 nomen
1471 4294 1676 4407 adeptum.>
1704 4304 1797 4388 Hoc

90 4451 95 4461 ·
260 4417 262 4422 ’
303 4436 405 4507 cette
429 4414 544 4503 docet
567 4442 699 4503 verum
715 4440 890 4513 nomen,
919 4409 995 4522 q'uo
1024 4410 1186 4512 accolis,
1209 4431 1258 4513 ut
1288 4412 1406 4512 olim,
1436 4406 1488 4495 sic
1510 4408 1554 4495 &
1576 4412 1647 4498 hac
1669 4414 1796 4500 nostra

301 4544 425 4614 aetate
442 4532 649 4641 appellatur
676 4528 790 4645 Her
815 4524 1066 4615 Hurs-Tu'
1088 4523 1185 4610 Bar
1204 4548 1370 4626 rasa,
1396 4552 1489 4610 uam
1519 4546 1648 4613 cetera
1665 4530 1793 4639 nomi-

402 4663 406 4669 ·
470 4671 475 4682 ¹
1655 4662 1660 4669 ·
1718 4662 1792 4735 na,
