4292 5650
465 332 642 462 oar·
665 326 935 456 u-Rtu
968 273 1343 452 ,ii-iasio
1376 331 1435 447 u
1462 295 1631 444 oso,
1728 368 1817 476 a,

309 539 463 650 atus,
502 557 620 648 qaam
647 533 827 618 aaaron
847 527 1067 615 autumo
1094 525 1151 631 ὅ)
1176 529 1415 628 devoratus,
1442 529 1598 638 saurus
1621 537 1665 618 iii
1692 547 1816 616 totam

316 648 456 760 reddit.
514 645 656 758 Frisii,
684 669 763 758 qua
781 640 913 752 &stru
934 656 1069 743 aaut,
1100 640 1240 749 nostris
1254 643 1555 750 demonstravere
1574 647 1695 728 illaria.
1727 645 1816 728 Mi.-
1963 641 1970 655 '

317 786 463 874 rorqui
481 763 640 844 nominis
656 748 841 872 caaffani,
871 751 1058 868 niftsorte
1072 753 1232 863 conjiaes
1256 756 1404 840 Oceano
1423 759 1685 854 Britanniae,
1705 759 1825 840 orius

169 975 172 982 ³
311 870 790 988 propinquae,dicaurra
835 867 925 952 Nori
943 873 1041 952 roim
1060 867 1388 978 incapacitatem
1410 895 1521 981 lena,
1548 871 1650 981 quod
1661 872 1716 966 iij
1730 872 1814 979 pru,

317 991 423 1082 rima
445 989 661 1088 adteretur
684 999 833 1068 certum
860 977 944 1084 est,
979 983 1096 1064 etiam
1126 1007 1227 1066 aare
1246 981 1467 1064 Britannia
1491 983 1628 1065 libera.
1690 981 1814 1066 Vide,

201 1115 208 1120 “
301 1125 404 1198 ,nius
424 1095 490 1185 hic
509 1096 695 1194 herbam,
726 1121 821 1204 quae
842 1093 1066 1178 Britannica
1084 1089 1139 1178 est
1156 1095 1373 1201 appellata,
1397 1090 1575 1176 videmus
1596 1095 1713 1177 etiam
1736 1092 1814 1178 sor-

189 1293 212 1306 „
319 1238 421 1296 iiiam
450 1217 556 1314 ejus,
584 1207 708 1306 vires,
737 1213 866 1290 locum
885 1231 1157 1316 nomenque,
1196 1206 1241 1290 δι
1265 1203 1424 1288 caulsam
1456 1206 1641 1291 nominis.
1700 1209 1814 1309 Quae

321 1317 369 1409 ad
401 1319 762 1428 sormam'viresque
785 1317 1019 1430 pertinent,
1048 1312 1228 1402 ‘Medicis
1260 1319 1549 1427 relinquimus,
1600 1316 1666 1428 qui
1703 1320 1749 1406 aa
1773 1319 1814 1402 in
1885 1402 1887 1405 ,
1927 1416 1929 1421 ,

319 1435 366 1520 iis
394 1433 468 1520 sese
498 1459 582 1518 non
609 1431 863 1518 mediocriter
902 1453 1192 1530 exercuerunt,
1229 1449 1451 1524 ceterorum
1481 1451 1613 1514 tamen
1646 1427 1815 1541 diligeri-

319 1549 417 1644 ¹tiam
446 1542 571 1632 vieille
597 1543 828 1630 existimatur
846 1541 1099 1657 Muntlngiui
1122 1599 1137 1643 ‚
1163 1544 1231 1654 qui
1258 1545 1492 1652 peculiarem
1521 1543 1662 1628 libiuiii
1690 1538 1816 1630 edidit

319 1659 373 1755 de
396 1659 517 1744 herba
541 1657 797 1768 Britannica,
820 1655 928 1764 'mibi
958 1675 1088 1740 tamen
1111 1650 1144 1752 ,¹
1163 1683 1382 1765 quanquam
1403 1653 1571 1768 uulgaris
1595 1653 1683 1755 est,
1723 1683 1815 1740 nec·

317 1768 416 1870 ,duni
440 1768 700 1878 conspectum.
758 1769 869 1876 Noti
893 1767 1009 1864 etiam
1057 1763 1244 1856 indidem
1277 1763 1405 1850 omisit
1435 1763 1634 1851 Salmasius
1664 1769 1709 1852 in
1731 1767 1814 1853 Hie

318 1881 522 1992 monymis
540 1881 666 1990 Hyles
689 1876 854 2004 Jatricae
874 1903 955 1986 cap.
981 1874 1156 1964 XLlll.
1186 1877 1378 1963 Naturam
1396 1874 1554 1977 sontis,
1591 1905 1706 1987 quam
1738 1878 1813 1961 Pli-

318 1997 409 2078 nius
433 1991 580 2092 tradit,
615 1986 786 2074 similiter
817 1989 899 2072 aliis
935 1985 1210 2099 inquirendam
1247 1987 1419 2088 damus,
1442 1985 1524 2074 nisi
1544 1987 1647 2076 sorte
1674 1991 1817 2076 malum

298 2201 301 2208 .
319 2101 414 2190 illud
433 2129 518 2192 nun
539 2123 618 2190 tam
640 2098 773 2202 souti,
803 2129 916 2212 quain
946 2101 1122 2214 regionis
1150 2095 1279 2186 indoli
1304 2129 1347 2190 ac
1369 2104 1471 2217 coelo
1504 2098 1813 2187 adscribendum.

320 2217 434 2312 Altin
464 2218 521 2302 ios
547 2217 588 2300 in
606 2213 745 2308 notitia
763 2212 998 2301 Germaniae
1018 2210 1211 2310 inferioris
1228 2241 1329 2298 uoce
1348 2212 1483 2298 Foris
1508 2239 1675 2313 noune
1699 2238 1817 2299 ouo,

321 2355 399 2417 cis
429 2245 580 2430 liutein
598 2325 641 2412 li·
721 2329 886 2414 Oceano
905 2327 1088 2414 obrutum
1107 2345 1174 2408 iiit
1190 2346 1378 2412 mutatum
1397 2346 1532 2435 putat;
1545 2353 1624 2412 uec
1647 2323 1815 2417 deerunt
1913 2325 1925 2340 “

321 2445 389 2556 qui
416 2355 849 2548 eiisiiiisiimffitabuut
878 2436 1073 2530 recordati
1094 2437 1283 2524 Mercurii
1315 2439 1512 2529 monitum
1541 2435 1643 2548 apud
1677 2439 1816 2524 Lucia·

192 2620 194 2635 ,
320 2582 417 2640 num
438 2553 479 2636 in
501 2559 706 2630 reserarier.
731 2553 951 2662 Aarbiiraari
968 2557 1030 2650 γὴ
1052 2557 1087 2625 rei
1104 2555 1208 2660 aiant
1228 2555 1330 2651 iiam
1344 2554 1518 2651 ἄνθρωποι.
1546 2558 1571 2656 ᾖ
1590 2559 1619 2626 ri
1638 2554 1821 2653 ‹Qadiss-

322 2703 404 2772 πςον
422 2671 445 2752 d
461 2673 589 2766 amuel
610 2673 693 2774 liii..
709 2669 935 2751 moriuntur·
963 2667 1063 2751 enim
1087 2667 1204 2748 itiam
1231 2663 1382 2763 arbes,
1419 2661 1728 2776 quemadmodum
1752 2663 1815 2749 bo·

322 2788 470 2981 litu
496 2767 1816 2983 titillatatullltaalltlllliuiiaas

324 3026 452 3097 autem
475 3004 529 3087 ita
553 2996 731 3112 designat
753 3002 1001 3101 Plinius„‘ut¹
1027 3000 1130 3086 dicat
1151 3000 1257 3086 fatue
1281 2998 1468 3096 inPrisiis
1498 3016 1612 3107 atque
1638 3026 1683 3083 ea
1702 3018 1816 3108 parte

257 3118 260 3129 '
321 3114 462 3201 Gentis
485 3112 617 3217 hujus,
648 3110 712 3195 ubi
728 3106 983 3195 Germanicus
1003 3112 1141 3199 Caesar
1165 3113 1226 3195 sua
1248 3108 1378 3197 Castra
1407 3104 1551 3193 liabuii.
1610 3108 1812 3198 Memorat

322 3228 513 3315 nonnulla
528 3218 754 3311 Germanici
770 3222 879 3329 hujus
902 3222 1030 3309 Castra
1057 3223 1102 3313 iu
1117 3218 1330 3307 Germania¹
1346 3218 1511 3309 Tacitus
1535 3242 1580 3306 ut
1595 3220 1814 3311 Annalium

321 3341 471 3427 librol.
491 3367 533 3423 ca
563 3358 657 3442 .50.
677 3334 721 3421 be
739 3338 805 3441 63.
832 3335 876 3422 de
903 3336 1002 3421 libro
1022 3334 1075 3417 ll.
1088 3360 1175 3444 cap.
1189 3359 1229 3441 9.
1259 3332 1339 3421 Sed
1390 3337 1471 3419 luia
1501 3335 1620 3445 ipsum
1652 3338 1814 3449 legatos

323 3481 400 3566 que
420 3366 577 3577 posuisse
597 3447 855 3535 dubitandum
880 3476 965 3531 non
993 3445 1058 3533 est„
1084 3561 1092 3575 .
1119 3448 1204 3573 lino
1234 3474 1322 3532 cum
1348 3363 1568 3559 simpliciter
1583 3446 1713 3533 Castra
1735 3478 1816 3545 iio÷

323 3569 447 3653 minat
474 3564 650 3664 Plinius,
688 3588 809 3672 aeque
836 3560 964 3645 Castra
990 3563 1296 3649 vexillationum
1320 3558 1653 3662 neoterium,
1683 3564 1811 3672 qualia
1852 3583 1855 3589 ’

323 3678 486 3789 plurima
500 3675 656 3763 fuerunt
673 3702 744 3784 per
763 3672 1039 3775 Germaniam,
1068 3672 1287 3783 intelligere
1305 3668 1521 3779 possumus,
1541 3700 1586 3759 ac
1605 3676 1811 3786 legionum

324 3792 368 3876 δι
387 3792 577 3874 exercitus
597 3786 727 3873 totius.
785 3788 1017 3896 Quanquam
1027 3805 1163 3875 autem
1184 3787 1261 3873 late
1277 3780 1499 3871 habitarunt
1514 3782 1644 3883 Frisii,
1672 3784 1812 3907 quibus

221 3991 224 4001 ,
321 3901 537 4009 Maioribus
552 3898 834 4009 minoribusque
850 3900 1083 3983 vocabulum
1098 3896 1154 3983 est
1171 3910 1224 3987 ἐκ
1237 3894 1361 3985 modo
1379 3894 1518 3979 virium
1534 3916 1579 3982 ut
1591 3896 1720 3983 scribit
1729 3896 1811 3984 Ta·
1832 4003 1836 4013 Ι

322 4017 421 4101 citus
445 4011 496 4101 de
515 4012 688 4101 moribus
711 4008 999 4097 Germanorum
1024 4038 1108 4121 cap.
1128 4010 1358 4095 XXXIV.
1387 4005 1584 4121 Sedesque
1607 4038 1745 4096 eorum
1762 4008 1812 4098 ad

321 4124 511 4223 Amisum
527 4122 712 4235 produelt
732 4124 1007 4223 Ptolemaeus,
1036 4125 1303 4211 noninultum
1320 4122 1725 4209 tamen'laborabim'us
1736 4180 1751 4223 ,
1765 4123 1812 4212 iu

321 4235 568 4327 inveniendis
586 4233 792 4326 Frisibuiui
803 4233 984 4340 sedibus,
1002 4262 1103 4345 quos
1121 4234 1268 4320 Plinius
1283 4233 1485 4337 meminit,
1496 4230 1621 4324 modo
1637 4236 1810 4340 Pliniunt

324 4380 373 4439 ex
391 4352 516 4458 Plinio
530 4350 768 4439 illustremus.
827 4346 910 4457 lpse
928 4374 1099 4465 namque
1117 4344 1272 4448 Frisiis,
1302 4373 1399 4457 quos
1418 4368 1569 4449 uniat,
1597 4352 1726 4437 locuni
1743 4347 1810 4435 adi

325 4460 447 4579 sigum
458 4469 562 4565 inter
581 4466 740 4549 Helium
758 4461 803 4552 de
823 4462 1008 4562 Flevum„
1031 4458 1081 4549 id
1100 4459 1155 4547 est
1174 4463 1276 4550 inter
1295 4458 1448 4547 Mosam
1464 4456 1509 4545 br
1530 4489 1637 4549 mare
1650 4462 1809 4549 naue

268 4603 276 4617 ·
321 4577 387 4675 le,
415 4606 490 4661 nec
511 4577 602 4663 levis
622 4574 677 4661 est
698 4572 939 4681 coelestum,
968 4572 1263 4688 intermedium
1280 4571 1415 4661 Rbeui
1430 4571 1569 4659 ostium
1582 4574 1627 4660 de
1643 4575 1809 4663 Flevum

319 4684 395 4777 hos
414 4684 549 4775 Frisios
566 4688 775 4779 incoluisse.
833 4690 884 4777 Iri
899 4682 1142 4889 Rhiaoipslq,
1169 4690 1317 4801 inquit,
1345 4684 1488 4775 Plinius
1504 4686 1606 4776 libro
1621 4688 1703 4777 iv.
1721 4712 1806 4795 cap.

414 4818 423 4837 ⁸
627 4888 629 4893 .
1745 4816 1810 4909 ¹52
