4292 5650
381 353 455 474 n
561 322 1716 476 onnurrrnmnouoo

380 517 617 631 potilsrmum
635 511 755 601 caussa
774 513 875 616 haste
891 511 1194 622 disputationem
1217 510 1462 629 instituimus.
1488 567 1496 582 ·
1520 515 1802 623 Littuttutem
1818 519 1881 620 O}

382 634 493 718 ceani
511 629 750 716 lustrantibus
767 628 895 738 primo
918 629 1006 712 loco
1026 647 1235 714 occurrunt
1256 625 1434 712 Britanni
1453 656 1558 740 pago
1584 627 1806 723 Gesoriaco
1822 655 1878 728 εις

382 773 458 856 que
472 743 678 836 Ambianis
691 741 826 840 ¹uicini.
884 739 1040 824 Horum
1068 740 1297 824 memoriam
1317 735 1424 824 idem
1442 739 1585 826 Plinius
1603 745 1790 847 servavit,
1809 747 1877 854 qui

382 859 426 944 dc
453 855 585 942 sedem
611 855 664 938 ita
698 853 876 938 describit
905 851 1002 936 libro
1029 850 1109 934 IV.
1149 852 1342 946 Naturalis
1372 851 1564 941 Historiae
1586 882 1667 965 cap.
1712 879 1771 962 ιγ.
1830 861 1878 954 A

380 971 507 1056 Scaldi
522 970 687 1053 incolunt
702 981 816 1052 extra
843 957 1067 1067 Toxandri,
1134 965 1278 1058 aribus,
1298 965 1518 1053 nominibus.
1576 969 1723 1054 Deinde
1737 969 1877 1071 Menn-⁸

374 1089 459 1195 pii,
489 1081 672 1179 Morini,
706 1081 976 1182 Oromansaci,
997 1079 1073 1186 jun
1113 1081 1289 1188 ipago,
1370 1079 1386 1161 i
1410 1075 1649 1187 Gcffariams
1673 1101 1875 1184 amatur,
1910 1143 1918 1154 -

379 1193 595 1280 Butrrn
610 1215 725 1290 uus,
756 1191 970 1290 Ambiani,
993 1191 1209 1291 Bellouaci,
1239 1189 1288 1274 H
1336 1216 1364 1275 r.
1420 1190 1467 1276 ln
1483 1192 1613 1278 littore
1631 1193 1705 1278 hor
1726 1195 1876 1282 Britan·

377 1335 451 1394 nos
471 1301 676 1404 habitasse,
705 1326 771 1388 aut
798 1326 900 1388 certe
919 1331 1002 1388 non
1025 1305 1205 1413 procula
1220 1303 1354 1388 littore
1367 1329 1418 1394 ex
1433 1307 1664 1414 populorum
1683 1301 1781 1408 fitu,
1809 1309 1877 1418 qui

377 1423 425 1506 iis
439 1429 670 1533 junguntur,
701 1415 890 1519 conjicere
913 1417 1030 1516 licet,
1059 1443 1221 1524 quorum
1235 1413 1346 1502 sedes
1363 1443 1449 1502 non
1463 1417 1634 1504 incertae
1653 1420 1877 1531 sunt,quae

378 1534 421 1620 in
440 1528 613 1618 Picardia
629 1529 888 1640 proximisque
905 1527 1101 1614 Picardiae
1119 1529 1336 1637 provinciis
1354 1525 1429 1614 esse
1448 1531 1745 1644 cognoscuntur.
1778 1537 1878 1628 ,Ve-

378 1673 463 1730 rum
484 1671 644 1757 grassem
661 1643 724 1728 iric
743 1637 991 1728 adversarium
1019 1639 1160 1727 nanus
1182 1642 1263 1728 sum
1286 1640 1506 1752 Philippum
1528 1643 1776 1744 Cluverium,
1806 1646 1877 1755 quj

378 1759 420 1842 in
447 1755 656 1845 Germania
684 1756 848 1863 antiqua¹
865 1755 964 1838 libro
990 1753 1043 1835 Η.
1073 1780 1157 1862 cap.
1186 1774 1251 1858 27.
1280 1779 1370 1836 non
1384 1755 1603 1850 Britannos
1622 1753 1686 1842 hic
1702 1757 1874 1844 comme·

375 1871 516 1962 morari
556 1887 705 1978 putat,
742 1866 808 1954 sed
836 1863 1039 1950 Briannos.
1099 1869 1252 1968 Verum
1281 1865 1551 1972 expendamus
1576 1869 1664 1950 Viri
1690 1871 1873 1956 rationes.

378 1983 580 2082 Ceterum,
610 1980 764 2087 inquit,
788 1995 864 2092 pro
888 1979 1080 2061 Briannis
1094 1976 1261 2084 vulgata
1283 1975 1519 2088 exemplaria
1546 1975 1688 2062 habent
1704 2069 1707 2080 ,
1724 1979 1877 2066 Britan·

374 2123 473 2196 nos,
503 2095 604 2180 unde.
618 2091 772 2206 quidam
790 2089 1076 2190 arbitrentur,
1104 2087 1170 2172 bot
1190 2115 1211 2172 e
1228 2091 1446 2173 Britannia
1474 2092 1516 2173 in
1538 2089 1606 2176 hoc
1624 2091 1735 2178 littus
1746 2091 1875 2212 prans-

375 2203 558 2318 nigrant.
619 2207 766 2290 Verum
784 2201 897 2312 hujus
928 2205 983 2285 rei
1005 2201 1265 2314 quianullum
1281 2199 1388 2311 apud
1406 2211 1542 2304 rtrum
1559 2201 1754 2290 Antores
1774 2208 1904 2293 inti-⁵

374 2325 475 2406 tium
494 2333 566 2404 aut
583 2315 810 2426 oesitgium,
841 2314 947 2421 iapud
959 2327 1100 2398 temere
1114 2314 1467 2421 earumsententiac
1486 2312 1707 2426 atceffcrint.
1764 2319 1873 2404 Nam

374 2447 468 2518 ante
491 2428 687 2528 Caesarem
703 2486 717 2529 ,
735 2429 824 2542 five
840 2429 952 2540 ipstus
977 2423 1152 2534 Caesaris
1166 2442 1334 2538 tempere
1348 2426 1468 2510 nullm
1488 2427 1569 2512 heir
1572 2427 1694 2537 juisse.
1705 2427 1873 2529 Britan·

374 2572 441 2632 nos
459 2543 622 2653 saciiee
653 2545 935 2641 commentariis
962 2542 1044 2649 ejus
1065 2539 1309 2652 perspicitur.
1369 2537 1533 2652 Quadfi
1544 2537 1734 2650 sapient,
1764 2541 1872 2628 haud

374 2655 486 2744 dubie
507 2655 551 2740 de
581 2655 717 2740 borum
746 2672 892 2766 quoque
931 2679 952 2736 e
982 2654 1201 2736 Britannia
1226 2656 1268 2736 in
1301 2651 1495 2758 Belgicam
1535 2659 1874 2762 transmigratione

212 2781 230 2789 ’
375 2765 599 2879 menttniffit
612 2769 972 2852 commentariorum
1002 2762 1103 2849 libro
1133 2765 1182 2849 V.
1244 2763 1325 2847 Ubi
1348 2762 1588 2877 quorundam
1605 2765 1818 2877 Belgarum
1831 2771 1888 2853 in'

267 2920 274 2927 ·
374 2880 633 2970 Britanniam
652 2874 919 2991 transgreffitm
930 2890 1122 2961 memorat.
1180 2876 1270 2982 Bali
1286 2872 1482 2985 Caefirrem
1497 2902 1620 2976 nero,
1626 2880 1668 2991 st
1680 2882 1747 2963 nel
1763 2882 1875 2967 siau·

374 2996 460 3083 dius
488 2995 555 3079 uei
577 2994 678 3079 alius
709 2992 989 3103 Imperatorum
1011 2988 1273 3103 traduxisset,
1301 3002 1406 3073 certe
1430 3014 1504 3073 nan
1535 2994 1661 3103 minus
1690 2990 1736 3075 de
1752 2993 1812 3079 his
1831 2998 1874 3078 in

375 3121 616 3195 monumenta
645 3105 812 3189 relatum
835 3098 1000 3215 furffit,
1028 3128 1144 3215 quan
1169 3104 1215 3187 dc
1235 3102 1370 3201 Ubiis,
1399 3101 1636 3201 Sicambrir,
1667 3106 1794 3190 Cattis
1815 3102 1873 3208 εξ

374 3222 572 3307 Sarmatis
587 3222 629 3303 in
651 3218 821 3301 Galliam
839 3210 1037 3299 tradniiis.
1097 3218 1155 3297 Bt
1185 3212 1344 3319 Tacitus
1365 3235 1510 3323 qusque
1536 3214 1578 3297 in
1598 3216 1688 3297 uita
1705 3215 1875 3327 Agrico-

375 3337 462 3433 lae,
490 3330 557 3415 ubi
580 3334 621 3415 in
642 3330 932 3413 Britannorum
955 3328 1142 3433 originem
1165 3322 1367 3437 disquirit,
1386 3321 1523 3407 horum
1543 3322 1777 3420 hauddubie
1798 3356 1873 3415 me·

376 3442 545 3555 miniffat.
606 3442 652 3527 V
644 3445 706 3543 tri
725 3510 728 3519 .
732 3440 888 3551 finilius
914 3435 1133 3547 igiturest,
1155 3438 1308 3641 populos
1324 3436 1390 3521 hos
1398 3451 1555 3547 partem
1566 3436 1684 3549 fitilla
1700 3442 1874 3529 Atreba-

377 3561 502 3655 tium,
532 3554 679 3636 nominc
697 3552 915 3650 Briannns,
945 3574 994 3635 etr
1009 3576 1084 3662 qus
1099 3574 1194 3635 uota
1220 3550 1301 3651 uio,
1329 3544 1386 3651 ἐφ’
1412 3547 1549 3634 Gentis
1567 3576 1588 3636 e
1606 3557 1760 3661 regione
1778 3556 1874 3640 Bri·

376 3672 537 3757 tanniae
551 3664 762 3793 fitu‘scisii
784 3664 940 3777 quidam
957 3660 1165 3773 finxerunt
1186 3665 1421 3746 Britannos.‘
1486 3664 1722 3773 Quanquam
1750 3664 1872 3755 hodie

376 3788 460 3895 plus
489 3780 562 3867 otir
584 3776 679 3865 mihi
703 3774 867 3878 accidit,
897 3803 946 3861 eo
978 3798 1112 3863 tamen
1138 3804 1223 3861 non
1238 3776 1291 3859 ita
1306 3771 1484 3875 abund0,
1513 3770 1743 3893 utfingult,
1825 3810 1869 3871 ae

378 3896 502 3983 aliena
531 3897 572 3979 in
598 3890 658 4007 his
690 3920 711 3975 a
738 3889 927 3976 sententia
949 3916 1037 3974 mea
1061 3890 1149 3974 sunt
1162 3946 1177 3991 ,
1207 3910 1271 3973 aut
1286 3886 1452 3972 refutem
1471 3908 1535 4016 apt
1550 3896 1718 4020 tangam.
1803 3894 1870 4000 ulii
1906 3954 1910 3958 «

311 4096 314 4105 ,
378 4008 547 4093 Caesaris
584 4026 793 4114 tempore,
831 3998 859 4085 fi
886 3998 1069 4086 Cluverio
1092 3998 1223 4101 fides,
1258 4000 1300 4085 in
1324 4029 1391 4087 ora
1412 3996 1558 4087 Gallica
1576 3996 1753 4089 Britanni
1774 4005 1872 4091 nulli

379 4117 559 4218 nerunt,
588 4145 673 4203 non
700 4116 816 4205 etiam
836 4135 1012 4225 tempore
1043 4112 1216 4221 Claudii;
1245 4140 1333 4198 non
1354 4114 1467 4199 aliam
1481 4114 1534 4201 ob
1551 4119 1769 4221 rationem,
1798 4118 1871 4217 nisi

381 4232 468 4342 quia
486 4258 620 4317 eorum
637 4258 721 4315 non
745 4228 881 4315 Caesar
896 4226 1095 4331 meminit,
1123 4254 1209 4311 non
1226 4224 1414 4326 Tacitus,
1444 4256 1530 4315 non
1549 4228 1664 4317 etiam
1683 4226 1871 4319 Claudius

381 4340 564 4431 traduxit.
622 4340 729 4423 Haec
746 4339 842 4426 ratio
859 4336 887 4425 fi
905 4345 1027 4443 valet,
1056 4336 1208 4425 necesse
1229 4336 1311 4441 est,
1341 4340 1548 4427 Britannos
1565 4369 1704 4427 omnes
1723 4371 1774 4429 ex
1790 4372 1875 4435 om·

382 4457 426 4547 ni
455 4452 579 4537 Gallia
605 4470 717 4561 atque
745 4450 958 4537 Germanis
982 4452 1096 4563 iisque
1112 4452 1208 4535 locis
1223 4456 1458 4563 expellamus
1471 4510 1486 4555 ,
1515 4456 1557 4537 in
1577 4480 1677 4563 quae
1690 4482 1759 4541 eos
1780 4488 1870 4547 cum

383 4570 544 4657 aliorum
573 4564 813 4674 Scriptorum
840 4562 1090 4664 austoritate,
1119 4583 1202 4647 tum
1227 4564 1272 4649 iis
1301 4565 1476 4667 indiciis,
1506 4565 1658 4675 quaein
1676 4570 1790 4657 rebus
1804 4600 1872 4657 an-

361 4678 604 4799 xtiquioribus
625 4672 847 4791 persuadere
867 4676 992 4763 solent
1017 4734 1031 4781 ,
1059 4675 1284 4779 reduximus
1306 4697 1419 4791 atque
1443 4672 1686 4793 adstruimus
1740 4682 1873 4771 Imosi

1250 4837 1253 4842 ·
1737 4824 1877 4885 omnes
