4292 5650
341 379 408 506 n
519 342 1678 472 nnnnrruuunuuoo

343 569 442 654 Non
476 563 644 674 inspexit
673 559 751 646 hoc
778 575 1079 645 monumentum
1103 555 1305 668 sponium
1333 554 1400 642 sed
1431 557 1619 669 accepite
1640 557 1850 673 Mayero‚

373 681 411 764 ui
431 707 503 788 qua
519 675 723 788 diligentia
741 669 859 786 scierit
879 671 922 758 δι
936 673 1076 782 peritia
1097 671 1140 754 in
1160 669 1269 776 holan
1289 673 1447 785 generis
1467 671 1754 784 antiquitatibus
1775 693 1851 757 tra-

345 709 517 890 dennis,
548 789 602 872 illi
630 785 851 885 aestiment,
883 783 1022 896 quibus
1052 783 1115 869 ille
1145 785 1280 868 notior
1305 781 1384 883 est,
1406 811 1531 893 'quam
1556 783 1662 868 mihi.
1720 787 1851 892 Quot·

341 923 438 1014 quot
456 900 538 990 vidi
558 902 677 986 Viros
696 893 961 1000 eruditos,illi
980 920 1062 982 uno
1087 921 1157 981 ore
1182 897 1290 982 Deus
1308 888 1542 1002 Quadriiiaa
1566 896 1632 982 hic
1655 889 1852 1012 designati
1962 977 1965 982 .

341 1017 603 1104 consentiunt.
663 1012 771 1117 Qus
806 1007 958 1096 tametsi
982 1009 1155 1120 Sponius
1190 1009 1364 1096 Deorum
1380 1009 1550 1095 monllm
1565 1013 1769 1111 nummos,
1797 1014 1852 1096 sa·

342 1124 392 1214 tis
408 1151 539 1212 tamen
560 1141 816 1210 moniunenta
831 1114 979 1208 vetusta
1000 1123 1180 1234 probant.
1197 1125 1240 1206 V
1241 1120 1294 1207 id.
1319 1121 1475 1208 Gruter.
1507 1140 1595 1236 pag.
1616 1119 1849 1226 LXXXIV.

255 1252 269 1273 ⁹
340 1257 380 1327 n.
418 1237 526 1348 5.'&'
547 1237 710 1324 MXV.
739 1259 779 1320 n.
814 1259 841 1320 r.
873 1237 916 1324 da
956 1233 1016 1320 Cl.
1043 1237 1149 1321 Otto
1177 1231 1231 1320 de
1256 1235 1349 1320 Diis
1377 1239 1476 1320 Viul.
1500 1237 1656 1348 portel.
1685 1262 1770 1347 cap.
1794 1237 1851 1320 ἢ.

341 1354 384 1440 Si
401 1373 533 1440 tamen
556 1349 668 1436 fateri
690 1351 810 1450 licet,
842 1345 948 1462 quod
980 1349 1128 1449 sentio,
1158 1347 1379 1454 conjectura
1398 1347 1545 1450 ducor,
1573 1366 1658 1434 non
1676 1349 1725 1433 ad
1744 1353 1852 1456 Qua-

342 1465 486 1552 drivias
506 1466 609 1565 illas,
630 1461 697 1548 sed
720 1458 894 1546 similiter
915 1455 962 1548 ad
979 1460 1341 1576 Quadriburgenses
1361 1463 1556 1572 Quadrib.
1586 1460 1660 1548 elle
1680 1460 1851 1550 referen-

339 1577 447 1666 dum.
478 1575 599 1664 fidem
620 1573 708 1662 huic
729 1571 972 1683 conjecturae
990 1571 1081 1659 facit
1100 1578 1207 1660 locus
1226 1578 1368 1686 reperti
1384 1573 1546 1687 lapidis3
1570 1573 1723 1662 effoffus
1740 1603 1851 1661 nam·

367 1721 417 1776 ue
446 1693 479 1776 is
505 1691 585 1790 est,
602 1689 697 1775 teste
714 1685 857 1774 eodem
877 1689 1056 1797 Sponio,
1072 1690 1114 1768 in
1135 1687 1258 1770 ruinis
1276 1681 1848 1798 Carnunti,prope÷Viennam

338 1725 518 1892 dustriae
547 1805 643 1888 olim
670 1800 895 1886 Pannoniae
931 1801 972 1885 in
1005 1825 1112 1911 pago
1131 1796 1351 1906 Pederne13
1381 1827 1478 1908 quae
1496 1801 1658 1910 Vienna
1673 1800 1847 1885 Vetustis

318 1909 599 2034 ¹Scriptoribus
624 1910 870 1998 Vindebona
886 1913 1073 2021 appellata
1091 1908 1285 2009 creditur,
1314 1909 1468 1994 Auclor
1487 1897 1664 1996 Notitiae
1683 1910 1846 1997 Virdo

280 2049 287 2054 '
336 2047 490 2116 monam
524 2027 720 2114 nomiman
774 2024 934 2134 Equites
954 2047 1083 2108 autem
1095 2022 1293 2136 Sagittarii
1311 2019 1629 2138 Quadriburgio,
1657 2046 1735 2108 nec
1758 2042 1846 2111 nou

333 2137 559 2228 Praefectus
578 2137 750 2254 legionis
771 2138 948 2242 Quartae
962 2135 1154 2222 Decimae
1169 2132 1363 2220 Geminae
1383 2137 1609 2237 Carnunto,
1621 2138 1663 2224 in
1680 2163 1753 2248 qua
1769 2139 1844 2222 mi·

333 2255 459 2340 litavit
489 2253 534 2338 C.
566 2249 798 2349 Antonius,
833 2247 899 2360 qui
926 2241 1057 2332 laxum
1087 2248 1245 2332 sacravit
1260 2245 1384 2332 modo
1404 2277 1425 2333 a
1443 2249 1560 2334 nobis
1574 2249 1842 2362 destriptum',

334 2369 433 2453 item
449 2361 665 2451 Praefedus
682 2357 818 2448 Clallrs
838 2359 1023 2447 Histricae
1042 2361 1250 2446 Carnunto
1263 2358 1396 2446 eidem
1407 2361 1514 2448 Duci
1530 2362 1758 2450 Pannoniae
1773 2387 1843 2474 pa·-
1870 2368 1873 2374 ’

334 2497 528 2582 metunt,
565 2503 727 2564 necnon
765 2473 967 2559 Tribunus
1000 2473 1189 2592 Colrortis
1219 2473 1545 2603 Quadriburgio,
1574 2477 1641 2584 qui
1662 2495 1844 2586 ternpore
1946 2553 1954 2564 .

333 2591 540 2680 conlectae
563 2589 672 2692 hujus
693 2589 873 2674 Notitiae
892 2588 957 2672 sub
980 2583 1233 2698 dispositione
1261 2585 1338 2671 fuit
1364 2589 1485 2672 Ducis
1506 2588 1738 2674 Provinciae
1762 2589 1843 2674 Va-
1971 2643 1979 2648 -

332 2707 452 2794 leriae
472 2699 677 2814 Ripensis,
710 2701 787 2785 hoc
803 2721 1010 2812 tempore,
1041 2727 1121 2810 quo
1142 2701 1238 2810 lapis
1261 2699 1615 2800 consecratarum,
1641 2697 1753 2787 idest
1770 2702 1845 2785 im·

334 2821 499 2934 perante
530 2809 765 2903 Theodosio
790 2815 975 2920 juniore,
1012 2813 1077 2900 litb
1099 2806 1326 2898 Pannoniae
1350 2810 1529 2900 Praelrde
1561 2812 1767 2917 militavit,
1795 2811 1845 2900 fi·

333 2928 529 3047 quidem,
566 2948 610 3014 ut
630 2924 788 3023 Audor
810 2922 865 3012 est
884 2926 1115 3012 Ammianus
1142 2926 1394 3012 Marcellinus
1412 2927 1516 3012 libro
1530 2916 1716 3013 XXIX.
1745 2923 1839 3041 pag.

338 3052 431 3151 148.
492 3042 763 3128 Diocletianus
786 3038 887 3124 lianc
909 3038 1110 3124 Valeriam
1137 3040 1381 3150 provinciam
1398 3038 1591 3138 instituit,
1620 3040 1666 3124 de
1690 3066 1842 3153 cogno·

335 3154 500 3245 minavit
528 3156 571 3239 in
606 3154 801 3241 honorem
834 3154 1007 3241 Valeriae
1043 3150 1186 3254 filiae,
1230 3150 1416 3257 additque
1440 3145 1693 3234 Marcellinus
1727 3166 1843 3238 antea

332 3288 486 3385 partem
516 3264 625 3354 soille
656 3264 896 3351 Pannoniae.
969 3266 1222 3349 Consecratus
1257 3282 1386 3346 autem
1416 3262 1481 3347 ille
1508 3259 1605 3369 lapis
1632 3262 1688 3349 cll
1705 3260 1842 3354 iisdem

336 3382 607 3479 Confulibus‚
635 3376 772 3487 quibus
799 3374 1036 3460 Antoninus
1063 3374 1257 3461 Caracalla
1284 3402 1381 3460 cum·
1399 3372 1518 3461 fratre
1545 3372 1648 3462 Geta
1679 3398 1843 3465 mortuo

335 3495 450 3591 Patre
475 3491 680 3604 imperinm
713 3490 802 3573 sunt
829 3486 1027 3599 auspicati,
1057 3484 1164 3599 qaod
1183 3489 1227 3574 in
1241 3486 1446 3573 Chronico
1463 3487 1620 3574 testatur
1637 3488 1841 3579 Calliodo-

276 3670 287 3681 -
335 3634 414 3695 rua.
473 3598 531 3691 Ut
555 3599 654 3689 adeo
687 3596 942 3687 dubitandum
976 3630 1061 3689 non
1100 3598 1175 3701 fit,
1204 3602 1299 3712 quin
1328 3601 1469 3687 milites
1487 3600 1842 3715 Quadribmgioin
1879 3608 1892 3703 J
2007 3638 2011 3642 ’

328 3718 476 3811 eodem
509 3739 574 3803 aut
604 3710 792 3803 duntaxat
815 3714 948 3801 vicino
975 3718 1063 3803 loco
1089 3712 1235 3801 fuerint
1260 3714 1415 3816 veruti,
1446 3716 1489 3799 in
1510 3742 1591 3827 quo
1607 3714 1685 3801 hoc
1700 3736 1844 3805 monu-

197 3858 201 3865 ·
335 3856 515 3921 mentum
534 3822 938 3955 Quadriburgenfibus
960 3829 1033 3913 Dis
1052 3824 1252 3915 dedicavit
1268 3830 1509 3915 Valentinus.
1557 3827 1633 3914 -Ell
1653 3824 1699 3916 de
1719 3830 1843 3915 in'vi·

335 3948 438 4032 cinia
461 3942 593 4057 lapidis
615 3946 768 4027 inventi
789 3945 918 4045 locun,
948 3942 1015 4051 qui
1051 3938 1315 4058 Quadriburgi
1336 3941 1434 4026 illius
1451 3940 1672 4029 Pannonici
1690 3968 1841 4029 nomen

336 4060 485 4149 servare
504 4056 683 4156 videtur,
707 4054 910 4163 Kerlburg
924 4048 1044 4138 hodie
1067 4055 1382 4167 appellatur‚qui
1396 4049 1644 4142 eodem'fete
1659 4057 1842 4143 interval⁴

336 4173 379 4257 lo
409 4170 512 4257 abeli
534 4168 580 4256 ab
609 4166 761 4281 oppido
785 4164 984 4254 Pedernel
1010 4171 1070 4253 vel
1096 4166 1308 4272 Petronel,
1337 4194 1419 4278 quo
1449 4166 1527 4255 hoc
1547 4167 1743 4257 Vienna.¹
1777 4168 1842 4255 De
1882 4258 1888 4267 ,

336 4284 475 4369 litteris
492 4281 720 4393 reliquisllS.
732 4280 773 4369 A
786 4280 889 4367 VG.
919 4274 1093 4366 same'am
1110 4277 1576 4390 sententiani-desideras,
1604 4281 1705 4367 hanc
1724 4278 1840 4381 dico,
1930 4310 1936 4319 ¹

337 4399 469 4484 usurus
489 4422 562 4495 ea,
591 4392 722 4505 donee
737 4396 900 4490 meliora
925 4390 1090 4479 edoctas
1123 4390 1232 4480 fuero
1249 4383 1431 4497 „Isidem
1445 4385 1673 4511 ‘Augustam
1687 4414 1839 4480 notare.

337 4504 686 4622 Interpungendus
706 4532 802 4617 ergo
823 4504 900 4591 ho'c
919 4504 1043 4591 modo
1071 4507 1219 4616 primus
1239 4508 1388 4617 versus,
1403 4499 1631 4606 ,dammodo
1647 4508 1691 4595 in
1709 4510 1840 4597 colit·

338 4646 443 4717 terae
462 4648 603 4713 omnes
619 4619 722 4709 bene
740 4615 950 4733 descriptae
965 4614 1040 4708 lint
1059 4616 1277 4734 aMayeto.
1436 4625 1440 4633 ’
1543 4632 1547 4639 “
1599 4617 1603 4660 ⁵

1680 4872 1687 4880 ’
1727 4842 1842 4935 stu·
