4292 5650
462 335 1987 494 ‚ounnrraaunonoo.n5·.

302 544 518 656 anama
531 543 701 628 aeonas
722 533 936 651 (anisam
952 534 1224 622 sannatia
1244 507 1454 640 legatariis
1476 543 1663 624 entrnnis
1679 542 1809 626 ternis

304 657 631 766 bellamgment,
646 653 866 764 Imperator
880 650 1058 759 creatas)
1072 658 1226 760 panum
1244 651 1426 770 prasinae
1442 649 1632 736 Miloiam
1646 654 1728 738 atie
1744 651 1807 736 dea·

227 855 231 866 ,
303 771 415 856 vicit.
473 769 579 854 Nam
596 762 704 876 quod
723 765 766 850 in
782 762 949 876 vulgatis
967 761 1073 846 libris
1092 785 1200 844 nunc
1215 761 1379 871 legrtur,
1407 766 1476 874 qai
1487 760 1593 862 fite-te
1610 766 1807 850 Srurau

141 877 149 974 Ϊ
303 884 454 991 legam
467 885 510 966 in
526 883 712 966 extremis
731 880 857 964 terri-s
875 874 1011 960 bellan
1020 871 1212 982 gerebat,
1242 869 1445 961 manifeste
1464 873 1596 960 falsum
1619 876 1683 962 est.
1728 877 1805 963 Re·
1857 984 1861 992 Ι

228 1028 232 1034 ·
305 991 465 1107 clanguit
479 1013 680 1102 praeterea
688 988 937 1099 spartianum
955 987 1145 1095 temporis
1164 985 1285 1083 ratio,
1296 981 1392 1072 dicit
1405 990 1805 1096 namquequinquen'-

255 1135 261 1147 ·
303 1133 401 1214 nem
420 1102 525 1190 firilie
543 1103 663 1196 filitun
680 1111 896 1209 majorem,
924 1103 991 1211 qui
1007 1100 1224 1186 Caracallus
1245 1097 1433 1208 deinceps
1453 1099 1511 1186 est
1531 1096 1681 1202 distas,
1712 1129 1802 1190 cunt

303 1239 416 1414 pater
444 1219 613 1304 Serena
641 1214 885 1304 ,Gennanico
917 1212 1103 1298 exercitui
1138 1227 1456 1322 praeponeretur.
1492 1211 1635 1298 ,Aetas
1674 1234 1804 1302 autent

332 1360 400 1418 aec
425 1331 610 1416 Caracalli
630 1327 687 1417 ad
711 1326 1073 1440 antiquiorarejicit
1100 1321 1392 1435 prosectionem
1422 1323 1544 1435 Patris
1569 1327 1611 1410 in
1637 1323 1801 1414 Germa·
1952 1407 1955 1414 .

303 1447 439 1546 niam,
468 1471 583 1554 quarn
600 1470 698 1554 quae
718 1443 834 1530 initio
862 1441 1021 1550 Imperii
1048 1446 1127 1544 eius
1149 1434 1403 1522 conveniunt.
1463 1438 1666 1549 Qoinipse
1689 1443 1805 1551 Spar·

306 1555 435 1642 uanus
463 1555 506 1642 in
523 1557 605 1642 vita
621 1553 735 1640 Didii
756 1553 905 1670 Juliani
924 1565 1008 1666 cap.
1025 1555 1079 1637 V.
1108 1546 1233 1636 modo
1260 1547 1415 1636 Austor
1441 1558 1520 1658 ejus
1543 1551 1665 1638 libelli
1688 1555 1810 1664 Spar·‘

305 1665 519 1766 tianus'lit,
546 1670 590 1752 in
603 1669 769 1780 'Illyrico
792 1665 1316 1774 desciuilie‚'imperiumque
1332 1659 1530 1777 adrogalle
1549 1661 1674 1752 tradit.
1706 1667 1804 1752 Cre«.

304 1775 361 1866 do
374 1777 501 1864 fraudi
520 1775 629 1864 baille
642 1781 851 1888 spartiano
870 1774 981 1888 quod
997 1805 1019 1860 a
1035 1774 1281 1860 Germanicis
1310 1776 1535 1888 legionibus
1559 1805 1649 1862 eum
1671 1781 1803 1891 appele

279 1893 423 1978 ‘latum
457 1891 739 1999 Imperatorem
760 1893 933 2003 legerat.
991 1889 1049 1972 Ita
1066 1915 1242 1995 namque
1268 1913 1355 1995 cap.
1382 1888 1433 1970 V.
1473 1887 1515 1972 in
1543 1888 1623 1972 vita
1650 1892 1703 1976 Se
1711 1892 1805 1976 veri.

255 2019 261 2028 '
302 2003 494 2092 Dehinca
519 2001 992 2111 Germanicislegimibas
1010 2001 1078 2086 abi
1093 2001 1269 2087 auditam
1295 1997 1349 2107 est
1372 2001 1609 2086 Commodum
1627 2001 1804 2111 eccistam,

302 2116 513 2222 Jalmmm
530 2133 661 2202 autem
681 2143 767 2201 cam
786 2118 869 2200 odia
891 2111 1114 2201 eanlloram
1141 2120 1362 2224 imperare,
1399 2115 1529 2198 maltis
1555 2113 1804 2204 hortantibus
1829 2187 1832 2212 .

302 2246 525 2340 impugnans
549 2231 767 2340 inperator
783 2227 836 2336 est
861 2230 1072 2340 appellatas
1099 2227 1205 2338 apud
1220 2227 1444 2310 Cornutum.
1503 2226 1582 2312 Eae
1597 2247 1725 2314 autem
1744 2232 1800 2315 le-

335 2341 446 2428 'ones
465 2339 727 2428 Germanicae
742 2341 886 2424 nonin
910 2338 1131 2426 Germania
1149 2335 1334 2437 fuerunt,
1362 2335 1429 2423 sed
1455 2337 1532 2424 hoc
1556 2343 1804 2455 cognomine

334 2455 364 2497 Ἀ
386 2465 429 2538 a'e
444 2450 499 2536 ad·
508 2453 734 2535 Danubium
747 2453 788 2533 in
802 2451 1004 2534 Pannonia
1019 2447 1213 2560 praefidit
1230 2470 1405 2560 egerunt
1455 2453 1512 2534 lta
1532 2479 1701 2564 namque
1713 2455 1805 2540 Pto·
1904 2470 1906 2480 '
1940 2475 1942 2480 ·

136 2657 144 2664 ,
303 2567 473 2652 lernaeae
499 2563 704 2675 &ionem
727 2563 781 2647 X.
814 2565 1089 2656 Germanicam
1110 2559 1349 2678 Juliobonae
1374 2563 1570 2666 collocat,
1599 2567 1815 2678 legionem,
1974 2590 1982 2601 ’

303 2696 439 2766 tutem
453 2677 582 2760 XIV.
614 2679 887 2765 Germanicam
902 2675 1033 2777 Pleri,
1055 2703 1153 2786 quae
1172 2675 1216 2760 dc
1232 2671 1368 2760 addito
1383 2673 1460 2760 hoc
1480 2679 1720 2791 cognomine
1739 2680 1804 2766 in·

90 2798 98 2827 ⁸
197 2802 201 2808 “
303 2785 659 2899 ueruturinlapide
675 2785 913 2875 Gruteriano
927 2817 1019 2903 pag.
1043 2788 1407 2875 CCCCXLVII.
1431 2815 1524 2897 n.4.
1555 2791 1678 2903 Ipsmn
1697 2782 1804 2906 qui).-
1864 2805 1922 2889 *ι

301 2930 378 3011 que
401 2892 499 2989 illaad
517 2904 760 3001 Carnutum,
779 2900 964 3011 adquam
982 2900 1117 2987 urbem
1135 2898 1418 2987 aGermanicis
1436 2906 1657 3016 legionibus
1672 2908 1807 3011 seve-2

302 3043 388 3099 rum
405 3014 686 3123 Imperatorem
708 3017 937 3122 appellatum
956 3015 1108 3115 scribit,
1137 3012 1310 3099 similiter
1335 3013 1462 3097 fraudi
1484 3017 1808 3124 spartianofim.

299 3128 480 3237 Suspicor
499 3127 630 3227 enim,
659 3152 744 3209 non
770 3154 859 3211 eum
885 3128 1101 3211 Carnutum
1121 3126 1349 3215 Pannoniae
1372 3125 1585 3241 cogitasse,
1624 3158 1712 3217 cum
1736 3130 1799 3217 illa

298 3241 484 3437 ἱεῖὶῒὲετεάῐ
518 3236 654 3435 (guod
676 3236 866 3348 oppidum
887 3237 954 3323 est
975 3238 1200 3323 Pannoniae
1227 3234 1430 3349 superioris
1465 3237 1512 3323 ad
1539 3242 1796 3347 Danubium,

162 3572 167 3579 .
297 3380 706 3577 giiimat'aniiinerario
725 3418 930 3551 lintonini
940 3472 960 3573 )
985 3461 1052 3551 sed
1069 3463 1219 3551 Galliae
1234 3462 1794 3581 Lugdunenlis‚Germa'niam

298 3597 429 3673 mtem
450 3576 730 3669 Cistlaenanam
752 3575 900 3663 Galliae
920 3584 1073 3687 partem
1099 3577 1207 3663 fuisse
1230 3581 1323 3663 olim
1352 3582 1547 3665 movimur.
1604 3583 1700 3669 Non
1726 3583 1798 3670 dea

298 3689 383 3783 buit
400 3707 499 3802 crgo
518 3720 631 3781 error
653 3688 847 3800 Spaitiani
862 3686 1086 3793 adjumento
1107 3690 1183 3775 effe
1204 3692 1370 3776 Cellario
1393 3692 1600 3803 disputanti
1621 3698 1665 3779 in
1685 3696 1802 3783 Geo··

195 3815 200 3832 '
300 3799 463 3913 graphia
496 3804 650 3909 anuqua
676 3804 778 3887 libro
795 3803 849 3885 ΙΙ.
880 3810 961 3912 cap.
972 3805 1111 3887 Vlll.
1140 3830 1231 3917 pag.
1260 3828 1351 3911 350.
1393 3806 1607 3891 Carnutum
1628 3836 1678 3893 an
1702 3808 1799 3894 Car.

298 3910 710 4007 nautumvocandum
732 3914 779 3999 lit
796 3912 988 4026 oppidum
1006 3916 1245 4003 Pannoniae.
1422 3952 1424 3961 .

316 4079 325 4122 2
353 4027 591 4138 Ubicunque
623 4048 753 4114 artem
783 4030 950 4114 versatus
981 4025 1029 4113 fit
1055 4058 1106 4115 eo
1133 4052 1312 4142 tempore
1334 4031 1525 4135 Severus,
1554 4058 1643 4118 cum
1663 4034 1792 4147 impe·

296 4142 397 4233 rium
414 4138 470 4225 est
486 4140 719 4249 auspicatus,
749 4170 852 4225 aram
872 4142 917 4227 &
943 4138 1050 4228 sunu
1079 4172 1169 4227 etun
1193 4172 1260 4229 ara
1279 4144 1626 4260 Brittenburgum‚
1657 4169 1699 4234 ut
1717 4160 1804 4260 pu-,'

297 4273 364 4355 to,
389 4253 540 4341 restitui
551 4252 659 4360 balba
712 4255 807 4347 ,Hoc
825 4282 877 4339 ex
891 4255 1028 4341 Dione
1046 4255 1195 4341 constat
1216 4256 1315 4341 libro
1338 4258 1558 4344 LXXVI.
1580 4289 1669 4377 pag.
1694 4268 1790 4373 869.
1896 4280 1900 4288 ’

295 4372 418 4454 malta
431 4380 517 4457 tam
535 4382 674 4453 ,uetera
693 4366 918 4479 restitatste,
948 4366 1018 4470 bc,
1048 4366 1156 4479 quod
1174 4366 1285 4455 addit
1300 4369 1444 4455 Aelius
1459 4372 1681 4483 Spartianus
1705 4404 1786 4489 cap.
1884 4462 1887 4467 .

296 4474 473 4565 Xautu.
491 4480 669 4589 sanatis
681 4482 822 4594 abique
843 4484 969 4567 titulis
988 4482 1251 4583 conditorum,
1273 4510 1387 4593 quam
1405 4484 1451 4569 δι
1466 4486 1787 4577 consuetudinem

296 4590 450 4677 secutus
470 4592 525 4675 est
544 4592 645 4679 silius
666 4594 708 4698 in
731 4590 898 4680 colenda
920 4593 1073 4679 Claudii
1090 4596 1289 4683 memoria.
1351 4600 1579 4713 Colligimus
1600 4606 1805 4712 porro‘ex'

293 4705 372 4795 atto
387 4700 540 4816 lapide2
568 4706 638 4818 qui
656 4737 762 4800 anno
781 4708 971 4797 clolaxx.
1000 4709 1215 4905 mumslpst
1237 4707 1287 4817 ad
1311 4710 1639 4829 Britteuburgum
1650 4771 1666 4816 ‚
1696 4742 1804 4841 cum
1952 4766 1957 4771 —

238 4843 244 4868 ⁸
316 4881 366 4937 p..
406 4854 431 4907 ‘.
731 4832 735 4847 ’
1201 4849 1224 4905 2
1718 4846 1787 4930 til·¹

577 3380 644 3437 um
670 3356 794 3437 lonae
819 3349 1003 3457 rejedtun
1024 3351 1242 3452 asanaa,
1269 3370 1313 3437 ut
1342 3380 1392 3437 ex
1407 3354 1630 3441 Ptolemaeo
1649 3357 1794 3441 intelli·
1933 3355 1937 3363 ’
