4292 5650
331 320 425 420 ⁴aya
479 276 483 283 ⁵
585 284 1071 395 Ousire-varrones
1109 328 1171 394 ru·
1206 305 1617 397 Mauras-otuu

343 491 565 561 memorat.¹
603 477 667 563 Ex
683 504 748 559 me
767 494 896 560 autem
916 470 945 559 fi
966 473 1140 585 quaeris,
1168 474 1235 563 ubi
1261 474 1423 589 herbam
1449 476 1600 565 Romae
1623 476 1834 590 suspensuri
1920 504 1927 509 ·

343 585 453 675 sitisse
476 588 658 689 sentiam,
688 590 840 675 nubum
863 589 899 672 ei
925 590 1061 673 locum
1075 586 1296 705 adsigna-in
1315 595 1379 675 illa
1401 590 1520 692 urbe,
1552 586 1624 677 nih
1643 592 1710 706 qui
1727 588 1835 681 dama
1891 658 1896 663 -

345 698 420 788 suit
446 706 483 789 ei
516 705 557 786 in
575 702 772 788 olentibus
797 700 1186 812 Pharmacopolarum
1204 704 1372 791 tabernis
1390 704 1434 789 da
1452 703 1589 791 thecis.
1648 708 1715 792 De
1735 704 1843 794 sabu-

347 820 386 903 la
417 838 547 903 autem
570 816 624 900 ita
649 814 849 903 existimo:
878 816 1050 929 Legerat
1078 815 1198 903 credo
1224 816 1358 903 aubior
1387 820 1603 907 commenti
1617 814 1726 927 huius
1747 818 1843 907 lauri

346 928 588 1128 ramosflovi-
612 930 870 1040 Capitolino,
899 928 944 1015 dc
964 956 1013 1015 ex
1032 958 1178 1040 quercu
1201 930 1347 1019 Palatio
1376 928 1589 1044 domuique
1607 932 1847 1019 Caesariaes

346 1046 483 1131 secon
501 1063 650 1131 ecratos
684 1039 923 1153 aliquando:
950 1040 1011 1127 his
1040 1065 1169 1129 autem
1196 1046 1581 1133 Britannicamsuam
1597 1048 1654 1133 nil
1674 1044 1847 1131 deterio-
1926 1128 1931 1133 .

349 1185 432 1243 tem
458 1150 641 1267 opinatus
668 1155 754 1258 est,
792 1154 1091 1267 quareeosdem
1116 1159 1153 1243 ei
1176 1156 1346 1245 honores
1374 1160 1508 1245 tribuit
1537 1216 1551 1259 ‚
1600 1159 1845 1269 quantumvis

346 1270 609 1383 scriptoribus
641 1271 806 1381 antiquis
835 1266 1027 1357 indbdioa.
1087 1268 1168 1356 Sed
1190 1298 1243 1357 ne
1274 1270 1366 1383 quid
1395 1270 1494 1359 deht
1510 1271 1682 1384 fabulae,
1714 1271 1845 1383 accipe

348 1413 457 1473 nunc
489 1381 738 1469 miserandam
762 1392 840 1491 ejus
871 1382 1153 1492 catastrophen.
1218 1384 1395 1473 'Neronis
1427 1390 1623 1498 Principis
1640 1384 1844 1486 mandato,

350 1502 500 1609 inquit,
530 1526 616 1584 aum
633 1500 747 1609 ipfius
763 1502 934 1614 propria
951 1494 1093 1581 CXX.
1117 1498 1501 1610 pedamlongitudine
1510 1496 1670 1609 figam,
1700 1514 1747 1583 ut
1762 1500 1848 1583 Cal·

350 1612 521 1721 lillberras
553 1609 824 1718 Historiarum
854 1614 1036 1720 Scriptor
1061 1610 1233 1719 adserit,
1258 1618 1299 1697 ia
1327 1616 1471 1699 Hortis
1501 1616 1627 1699 locata
1644 1610 1849 1699 Marianis

341 1726 508 1837 fulmina
536 1724 711 1832 acroam,
739 1750 825 1808 com
854 1724 982 1805 Horti
1004 1728 1155 1833 potiore
1182 1740 1304 1837 parte
1332 1728 1601 1838 conflagravit.
1661 1725 1767 1811 Scire
1785 1723 1849 1809 hir

350 1842 468 1949 cupio
491 1836 710 1923 testem-atat
727 1838 967 1946 Scriptorcm
988 1836 1219 1938 Classicum,
1250 1839 1316 1949 qui
1333 1839 1444 1946 hujus
1465 1840 1640 1925 mandati
1659 1839 1849 1925 memine-

352 1952 420 2041 rit:
450 1948 620 2037 similiter
648 1946 741 2035 scire
772 1978 897 2049 aveo,
926 1950 1012 2057 quis
1041 1951 1105 2033 ille
1132 1952 1383 2037 Callisthenes
1415 1950 1467 2035 lit
1485 1950 1846 2039 HistoriarumScri

351 2088 467 2181 pror,
495 2092 611 2175 quem
630 2082 822 2148 memorat
836 2061 1018 2172 scriptum
1038 2062 1223 2171 reliquisse
1239 2063 1464 2150 incendium
1490 2064 1585 2151 illud
1601 2066 1847 2151 Britannicae

353 2180 497 2269 herbae
527 2179 571 2263 dc
597 2172 786 2261 cololleae
810 2175 984 2261 Neronis
1009 2176 1199 2289 imaginis.
1259 2181 1354 2265 Duo
1372 2201 1643 2266 memorantur
1664 2177 1847 2263 Historici
1916 2262 1920 2267 ,

353 2293 521 2383 nomine
545 2287 786 2375 Callisthenis
813 2289 863 2372 in·
887 2308 1065 2374 veterum
1086 2292 1364 2375 monumentis.
1422 2289 1536 2377 Alter
1555 2292 1653 2375 vixit
1669 2312 1849 2398 tempore

353 2400 575 2496 Alexandri
589 2402 755 2517 Magni,
784 2410 889 2507 cujus
911 2401 957 2486 dr
973 2402 1262 2488 exercitumest
1280 2402 1657 2507 secutus;.notillrma
1676 2400 1741 2485 est·
1757 2428 1850 2485 con·

356 2517 519 2609 tumacia
536 2519 673 2623 hujus,
702 2512 783 2602 five
801 2515 923 2601 mavis
944 2512 1200 2598 constantiam
1223 2517 1446 2625 appellare,
1476 2513 1521 2598 dc
1547 2532 1691 2598 tetrum
1713 2514 1852 2623 suppli·

345 2637 473 2721 aium.
531 2629 646 2716 Alter
665 2624 738 2713 brit
753 2624 880 2713 domo
898 2625 1079 2739 Sybarita
1101 2682 1117 2725 ,
1146 2634 1251 2729 cuius
1272 2626 1451 2712 meminit
1472 2624 1629 2711 aaaron
1644 2625 1694 2711 de
1710 2626 1852 2711 Flami

345 2749 500 2855 'nibem
531 2771 581 2832 eo
600 2743 642 2828 iu
664 2746 754 2828 loco
767 2796 791 2842 ‚
814 2739 883 2826 ubi
902 2738 1060 2823 Ararim
1079 2737 1276 2844 describit,
1307 2740 1351 2828 sc
1371 2738 1427 2826 ad
1438 2760 1566 2851 partes
1586 2738 1848 2826 uocatlibnrm

225 2908 228 2914 ·
355 2864 455 2952 iilius
469 2857 564 2946 XII
582 2857 610 2942 l.
639 2883 768 2941 rerum
794 2853 1039 2942 Gallicarum.
1098 2852 1218 2960 Hujus
1247 2875 1356 2942 aetas·
1377 2855 1527 2942 incerta
1545 2851 1890 2954 estvisa.Volho‚

318 3041 325 3048 .
358 2978 409 3066 de
438 2973 638 3060 Historicis
665 2967 825 3054 Graecis
852 2957 956 3053 libro
975 2963 1057 3052 111.
1086 2969 1211 3082 longe
1243 2991 1373 3054 tamen
1405 2967 1590 3056 vetustior
1620 2967 1675 3064 cli
1704 2961 1849 3064 colosso

358 3090 547 3181 Neronis.
607 3083 651 3172 Si
677 3081 839 3196 quidem
865 3080 1111 3194 Timagenes
1146 3109 1196 3168 ex
1215 3079 1293 3168 hoc
1315 3079 1543 3168 Callisthene
1563 3083 1682 3165 multa
1701 3099 1854 3166 mutua·
1987 3091 1997 3102 '

360 3229 421 3294 tus
443 3191 584 3296 dicitur
605 3259 619 3300 ,
656 3207 764 3304 carius
785 3195 1040 3307 Timagenis
1056 3195 1246 3282 meminit.
1263 3199 1408 3283 Strabo
1429 3195 1527 3280 libro
1547 3195 1726 3306 IV.pag.
1757 3201 1848 3282 188.

360 3317 456 3408 vide
484 3311 719 3406 Maullacum
745 3313 788 3395 in
816 3309 923 3395 notis
951 3307 1005 3393 ad·
1026 3307 1244 3394 Auoorem
1277 3313 1390 3396 illum·
1411 3307 1463 3396 de
1489 3307 1742 3394 Fluminibus.
1802 3307 1855 3392 Et

362 3437 451 3520 sane
470 3425 499 3513 sa
521 3455 571 3531 eu
589 3425 736 3508 Patriae
759 3423 922 3507 nomine
938 3419 1314 3533 argumentandum,
1332 3421 1598 3510 vetustissimus
1615 3423 1678 3507 ille
1693 3418 1739 3505 sit
1754 3419 1855 3508 Scri·

363 3568 457 3662 ptor
475 3557 645 3648 oportet.
703 3535 1046 3647 Sybarisuamque
1060 3538 1189 3623 eversa
1209 3559 1359 3622 nornen
1384 3530 1659 3634 suumamifit.‚.
1682 3551 1725 3620 ut
1739 3529 1854 3630 uadi

364 3657 459 3749 dere
478 3652 642 3752 Strabo,
672 3647 886 3750 Aelianus,
915 3649 1137 3759 Stephanus
1166 3673 1278 3760 atque
1297 3651 1368 3734 alii.
1427 3650 1492 3732 De
1518 3673 1624 3731 anno
1643 3641 1855 3730 eversionis

364 3771 540 3860 videatur
551 3763 775 3878 Scaligeoin
787 3757 1183 3851 animadversionibus
1197 3763 1246 3850 ad
1259 3763 1463 3851 Eusebium
1477 3787 1583 3844 anno
1596 3757 1855 3844 MCCCXlll.

365 3888 498 3976 rideat
520 3906 618 3993 ergo
644 3869 763 3979 alios,
793 3881 878 3988 quis
908 3873 954 3960 sit
974 3869 1224 3965 Callisthenes
1244 3875 1379 3964 colossi
1400 3873 1617 3960 Neroniani
1641 3873 1684 3957 δι
1706 3869 1856 3956 Britan-

354 4004 477 4086 nicae
497 3994 681 4106 Scriptus.
739 3993 825 4076 lrno
854 3987 1020 4094 videat,
1054 3993 1138 4100 quia
1169 3989 1324 4077 Auctor
1350 3983 1398 4074 sac
1423 3985 1585 4098 lepidae·
1602 3981 1749 4072 fabulae
1770 4007 1785 4085 ,·
1813 4003 1857 4070 ut

368 4109 590 4199 Britannica
621 4104 744 4192 herba
770 4101 934 4196 Claudio
962 4105 1191 4213 Imperatori
1218 4101 1485 4191 demonstrata*
1499 4125 1536 4202 ,’
1564 4102 1734 4198 Romam
1770 4123 1857 4216 cum

326 4231 339 4255 ⁵
365 4221 568 4328 triumpho
600 4217 842 4328 deportata,
880 4220 924 4303 iu
950 4219 1156 4329 Capitolio
1172 4220 1372 4306 Palatiove
1396 4216 1589 4326 suspensa,
1609 4211 1709 4310 ,dein
1733 4211 1860 4332 a·ch

248 4423 255 4460 ι
371 4367 468 4428 rone
486 4335 724 4441 imperatore
741 4333 783 4415 in
803 4331 925 4416 hortis
941 4329 1127 4418 Marianis
1148 4337 1333 4420 collocata
1354 4325 1575 4426 &tandem
1590 4319 1780 4414 incendio
1796 4351 1864 4411 aa*

367 4449 491 4543 winsia
510 4442 647 4530 fuerit.¹
697 4439 1005 4528 Ad-extremum
1037 4447 1121 4555 quis
1146 4447 1419 4534 Callisthenem
1435 4445 1542 4549 huius
1564 4441 1628 4524 rei·
1643 4436 1862 4538 Audinflffl

362 4558 646 4659 ‘confinxeriti
676 4557 783 4642 Nam
817 4553 955 4639 bacca
976 4557 1196 4645 Clarissimo
1219 4559 1456 4674 Muntingio
1481 4551 1651 4641 considis
1681 4551 1755 4638 elle
1783 4550 1862 4636 ani

365 4711 486 4786 mum.
503 4668 690 4762 inducere
714 4697 800 4760 non
836 4661 997 4780 pollam
1055 4669 1117 4756 lili
1145 4668 1198 4758 de
1220 4701 1263 4760 re
1281 4693 1365 4762 tota
1389 4670 1534 4762 rectius
1552 4666 1862 4765 existimabant,

1803 4783 1870 4890 qui
