4292 5650
325 333 1656 520 m·pEBRthnNBURGQ
1837 387 1850 396 -

396 517 473 644 bns
502 540 691 640 traebdit.
737 533 985 670 Dalmata
1010 531 1159 638 Mbli.
1221 533 1549 677 AEtiquffrmis
1577 539 1842 674 temporibus

234 775 237 780 .
399 678 585 778 homines
606 677 754 808 plures
782 707 839 770 ex
875 671 1019 804 Irficla
1052 681 1432 798 incontinentem,
1467 711 1596 810 quam
1612 713 1670 775 ex
1697 675 1777 773 bae
1795 685 1842 773 in

399 815 588 951 Irfirlam
616 812 885 936 trajecerunt.
956 805 1197 942 Ellendig,
1239 810 1377 940 idest
1405 809 1641 940 Iustclaaus.
1715 809 1845 910 Galli

400 939 660 1080 vetrubiffimi
685 951 732 1040 in
761 941 1047 1044 Britanniam
1084 979 1168 1042 nou
1199 953 1533 1079 commigrarunt
1555 984 1570 1045 :
1610 945 1845 1048 Gallorum
1983 949 1986 954 ’

333 1081 336 1091 ’
400 1079 457 1189 &⁹
491 1079 766 1180 Cimbrorum
802 1069 1071 1209 expeditioni
1107 1087 1155 1177 in
1190 1079 1391 1182 Galliam
1424 1077 1480 1190 ii
1491 1188 1495 1194 ,
1520 1081 1750 1182 Graeciam
1780 1115 1843 1180 an
1908 1135 1914 1146 ·

399 1217 621 1316 Britanni
641 1209 964 1348 interfuerint?
998 1211 1315 1338 Britomarus,
1351 1215 1605 1317 Britannus
1626 1251 1687 1314 an
1703 1216 1842 1316 Boius

261 1409 265 1414 ·
383 1353 549 1488 suerit.
620 1349 747 1480 Quae
775 1347 933 1482 cauffae
953 1344 1201 1449 Britannos
1221 1354 1444 1486 adegerint
1462 1388 1595 1452 novas
1616 1351 1844 1451 babitatio-

216 1587 225 1594 .
330 1511 334 1522 '
399 1525 472 1588 nes
487 1511 612 1587 extra
633 1485 822 1612 Irfitlam
847 1519 1061 1618 quaerere.
1134 1485 1191 1585 Iu
1212 1485 1282 1587 bis
1299 1482 1446 1628 cateffis
1468 1512 1767 1588 memorantur.
1805 1517 1841 1613 1.

333 1735 338 1744 ,
397 1625 572 1751 infinita
602 1619 821 1720 bominum
850 1619 1078 1718 multitudo
1108 1629 1156 1718 in
1187 1621 1446 1726 Britannia.
1527 1657 1567 1727 2.
1618 1623 1845 1722 Bellorum

332 1849 338 1856 .
397 1759 620 1892 cupiditas.
672 1789 708 1878 3.
742 1753 1135 1855 autrimentorum
1141 1753 1417 1888 foecunditas
1428 1762 1673 1892 promiscum
1695 1755 1768 1858 V
1751 1787 1844 1856 eree·

395 1933 456 1995 re.
527 1921 575 2029 4.
612 1893 744 2024 Agri
761 1891 924 1988 inculti.
997 1917 1034 2020 5.
1073 1887 1252 2020 Regum
1284 1889 1340 1997 θ
1363 1893 1628 2025 Principum
1649 1894 1843 1990 multitu·

396 2031 449 2132 do
467 2024 523 2135 fi?
542 2035 743 2127 continua
767 2017 932 2160 difficlia
947 2045 1077 2156 atque
1097 2031 1144 2121 in
1167 2033 1328 2126 vicinos
1348 2027 1586 2126 latrocinia.
1642 2025 1843 2126 Bundui·

397 2204 446 2266 ca
471 2161 650 2296 Regina
671 2159 891 2258 bellatrix.
957 2155 1159 2262 Romani
1173 2162 1418 2295 aseditiofis
1440 2161 1680 2262 Britannis
1698 2169 1745 2261 iu
1768 2161 1843 2261 In'·

380 2303 532 2432 stolam
560 2303 712 2398 vocati.
788 2291 946 2426 Coesttr
980 2331 1009 2394 a
1043 2293 1422 2420 Trinobantibus,
1466 2337 1496 2398 a
1521 2297 1682 2398 Berieo
1714 2296 1844 2397 Clau·

396 2439 503 2540 dius.
574 2431 773 2567 Regulus
794 2427 1013 2532 Hibernia
1030 2434 1236 2564 expotfia
1252 2431 1309 2534 ab
1326 2436 1560 2567 Agricola.
1604 2433 1846 2534 Adminius

221 2574 229 2582 ’
330 2637 339 2648 -
401 2574 644 2677 Britannia
660 2564 841 2696 ejeblas,
875 2603 905 2664 a
927 2563 1127 2697 Caligula
1151 2570 1211 2690 eli
1232 2591 1446 2703 exceptus.
1517 2568 1708 2700 Exigua
1728 2569 1849 2681 Bri·⁴

398 2733 630 2809 tannorum
656 2737 809 2802 mancos
841 2736 936 2800 cam
962 2703 1179 2802 Adminio
1208 2710 1257 2802 in
1287 2702 1564 2805 Batavorum
1585 2704 1771 2837 Irficlam
1787 2702 1850 2802 at

404 2844 793 2976 Caligulamveuit.
839 2837 1016 2937 Minati
1024 2842 1181 2972 populi
1206 2838 1451 2941 Britannia
1467 2834 1639 2977 egmffi,
1676 2834 1733 2947 il
1750 2875 1842 2968 ma·

332 2996 337 3003 '
388 2980 562 3115 juribus
586 2974 804 3079 Gentibus
826 2981 873 3073 in
895 2972 1048 3075 Galim
1072 2972 1397 3111 Germaniaque
1416 2976 1536 3102 misti
1553 2974 1844 3107 nonuustcum

400 3122 645 3244 amiserunt.
714 3108 957 3241 Expeditio
983 3109 1211 3211 Saxonum
1233 3109 1289 3218 &⁹
1303 3114 1588 3241 Anglorum,
1610 3108 1844 3243 imumque

402 3263 449 3353 in
474 3237 681 3351 'Guttam
711 3244 818 3375 nega
834 3260 973 3376 paone
989 3244 1285 3377 praeternnffit
1310 3242 1611 3377 Scriptoribus
1626 3242 1844 3348 Romanis

335 3442 340 3452 ·
405 3384 461 3493 E?
485 3386 684 3485 Grac-ts:
750 3376 960 3511 Procopii
982 3386 1190 3509 inperitia
1208 3389 1256 3477 in
1275 3378 1400 3479 rebus
1421 3377 1701 3480 Britannicis
1719 3407 1842 3481 nota·
2002 3472 2007 3479 .

334 3539 339 3547 '
403 3546 463 3621 ta.
535 3518 621 3619 An
645 3516 732 3631 loca
754 3537 879 3615 extra
902 3512 1089 3645 lrfielam
1104 3555 1131 3614 a
1148 3512 1476 3615 Britannorum
1509 3512 1676 3647 Castris
1693 3552 1843 3617 nomen

251 3730 256 3741 ·
316 3692 319 3696 ·
401 3648 692 3786 acceperint?
724 3656 771 3747 in
799 3649 951 3782 quibus
976 3647 1111 3752 terris
1125 3654 1371 3765 ‘militarint
1397 3649 1663 3754 Britanni?
1719 3652 1844 3753 Urbs

337 3784 341 3791 ’
406 3790 561 3899 Paffau
584 3786 905 3889 aBatauorum
927 3784 1093 3915 Castris
1107 3784 1236 3889 tecta
1301 3787 1633 3941 Breucomogo
1647 3788 1710 3897 od
1720 3784 1844 3901 Rbe-

403 3965 507 4030 uam
532 3960 642 4027 aaa
678 3920 951 4021 Breucorum
974 3920 1143 4021 coborte
1170 3922 1359 4029 nomeu?
1393 3924 1596 4024 Hiberna
1610 3924 1740 4053 bajus
1762 3922 1843 4021 Ca·

405 4066 544 4166 bortis
569 4060 633 4161 ad
653 4054 988 4184 illumstuvium.
1060 4054 1348 4159 Monumenta
1368 4070 1548 4195 antiqua
1563 4060 1769 4189 illustrata
1787 4054 1845 4166 ἔθ’

404 4197 635 4301 emendata.
708 4193 764 4295 Ο
795 4188 1081 4326 distinilioais
1097 4194 1236 4329 caroffit
1252 4194 1446 4297 additum
1463 4206 1511 4297 in
1531 4194 1745 4330 lapiABus
1774 4232 1844 4295 ve·

407 4336 543 4464 nostin
612 4328 874 4429 Brittonum
902 4324 1061 4431 Cobors
1080 4340 1130 4429 ia
1145 4330 1350 4435 Bouaria
1372 4328 1428 4437 ii
1454 4330 1699 4433 Corinthio.
1768 4330 1845 4431 In·

224 4460 228 4469 ’
356 4566 360 4573 ,
390 4473 583 4611 scriptio
611 4460 831 4563 emendata
859 4500 887 4563 a
918 4462 1067 4564 Gndio
1090 4470 1279 4597 prolata.
1314 4478 1471 4575 iterum
1484 4474 1597 4601 lapis
1614 4468 1841 4601 expofitus.

407 4608 633 4714 Sententia
661 4596 899 4735 Scaligeri‚
938 4598 1120 4729 Gudii,
1155 4598 1379 4745 Rauso,
1423 4604 1620 4736 Keysleri
1642 4606 1854 4741 inprobo·-

1754 4761 1842 4846 tur.
