4292 5650
430 327 1819 480 ⁴nnnarnnnmauaoom

309 535 594 657 Metuentes
607 537 650 626 iu
670 534 1064 628 &munerum
1079 568 1153 651 pro
1168 557 1384 631 externiue.
1414 545 1512 632 Non
1533 541 1601 630 diu
1618 537 1718 634 tero
1740 547 1813 634 ue-

310 661 359 748 tit
379 657 473 744 haec
494 683 555 739 ara
584 649 740 738 Claudii
770 652 950 765 integra,
978 676 1024 740 ut
1046 655 1242 766 superiore
1263 658 1392 766 capite
1420 657 1551 744 dicere
1575 662 1807 771 coepimus,

256 769 260 775 ’
307 771 397 886 poll
412 795 551 856 necem
572 765 774 864 Neronis,
803 769 871 875 qui
890 764 1058 854 Claudio
1080 767 1186 856 Patri
1215 771 1258 856 in
1287 771 1459 881 Imperio
1487 771 1670 858 successit.
1730 776 1811 861 Rc·

308 887 383 973 bus
408 878 620 972 admodum
640 879 827 979 incertis,
855 906 945 964 cum
963 881 1026 964 alii
1049 883 1243 985 exercitus
1267 885 1386 970 alium
1405 886 1683 994 Imperatorem
1705 915 1808 973 crea·

252 1072 255 1078 .
308 1019 424 1098 rent,
454 991 640 1081 Claudius
661 992 795 1078 Civilie
816 990 986 1076 Batavm
1008 993 1233 1106 Vespasiani
1252 998 1462 1084 amicitiam
1480 998 1524 1083 δι
1539 996 1706 1083 studium
1723 1028 1811 1110 par·
1911 1103 1917 1110 ,
2065 1040 2069 1070 1

247 1124 254 1160 ²
309 1114 407 1198 tium
424 1101 691 1218 praetendens
710 1107 787 1195 sese
805 1106 850 1190 in
867 1103 1082 1195 Germania
1104 1109 1329 1196 vindicavit.
1367 1111 1404 1195 lc
1425 1112 1546 1196 etiam
1566 1113 1608 1194 in
1628 1111 1810 1198 consilio·

307 1253 395 1312 rum
418 1222 462 1308 δι
481 1221 573 1308 belli
585 1220 809 1305 societatem
821 1220 1010 1329 pertraxit
1031 1221 1288 1324 Brinionem,
1308 1221 1450 1338 inligari
1467 1226 1653 1310 natalium
1664 1225 1815 1310 clarita·

308 1359 351 1424 te
371 1337 416 1422 in
437 1328 736 1420 Canincsatibua
752 1341 963 1438 juvenem,
989 1333 1059 1446 qui
1078 1365 1098 1418 a
1119 1337 1194 1420 suis
1215 1339 1313 1422 Dux
1333 1335 1503 1442 eledlua',
1517 1355 1519 1364 ¹
1535 1337 1666 1422 accitir
1684 1339 1726 1422 in
1746 1365 1812 1422 au·
1841 1357 1850 1376 ⁴

307 1450 445 1536 xiliiuu
467 1444 593 1533 Frisiis
616 1441 779 1535 duarum
801 1445 1023 1535 cohortium
1040 1449 1303 1534 Romanarum
1318 1451 1487 1538 hiberna
1497 1452 1680 1561 proxima
1705 1450 1810 1535 inru·
1909 1449 1918 1464 ”

289 1565 390 1676 pit,
403 1561 449 1648 a&
465 1561 614 1646 cassella
632 1585 732 1669 quae
752 1589 775 1644 a
792 1559 984 1646 Romania
999 1563 1259 1671 tenebantur,
1289 1562 1481 1650 incendit
1524 1564 1613 1648 Hoc
1631 1583 1815 1674 tempore

258 1681 261 1687 ’
306 1678 510 1788 perierunt
524 1673 850 1784 Brittenburgum
867 1673 911 1758 oc
925 1674 1219 1786 Romburgum,
1233 1674 1341 1784 quod
1357 1671 1693 1764 annamenturium
1715 1699 1815 1762 erat..

265 1798 268 1802 ’
306 1789 431 1876 Simul
451 1805 689 1871 autemeam
710 1783 995 1897 Brittenburgo
1019 1813 1107 1884 ara,
1137 1813 1159 1870 a
1179 1785 1346 1872 Claudio
1369 1789 1520 1888 ereda,
1550 1785 1711 1894 didesia
1735 1789 1812 1876 csta

307 1899 500 1988 Romania
517 1896 720 2006 pariter&
737 1895 993 1996 Diaconum,
1024 1899 1164 2005 quibus
1190 1901 1534 2002 consecratum,
1564 1897 1706 1984 infesto
1726 1900 1812 1984 Bri·

306 2015 459 2108 uione,
488 2037 607 2121 quem
624 2005 789 2096 stolidae
804 2006 986 2096 audaciae
1011 2009 1300 2098 adolescentem
1324 2011 1420 2097 dicit
1435 2011 1601 2098 Tacitus
1625 2010 1813 2098 Historia·

307 2153 395 2214 rum
412 2125 516 2210 libro
536 2121 615 2207 lV.
638 2148 721 2232 cap.
739 2142 801 2224 15.
832 2120 1167 2232 quemadmodum
1191 2151 1293 2209 aram
1312 2124 1428 2210 Drusi
1443 2124 1587 2212 Victor
1604 2125 1812 2210 Armimua

204 2307 212 2318 ,
300 2255 530 2354 everterat,
560 2233 613 2321 de
635 2261 710 2344 qua
724 2230 834 2319 idem
849 2233 1065 2324 Annalim
1090 2235 1189 2322 libro
1205 2237 1258 2322 ll.
1281 2265 1364 2348 cap.
1379 2259 1416 2342 7.
1445 2238 1574 2353 Jacuit
1593 2260 1725 2324 autem
1746 2239 1813 2322 iur

308 2347 463 2440 Claudii
481 2373 748 2436 mecanicum
766 2345 1050 2462 Brittenburgo
1063 2349 1110 2434 dc
1124 2350 1422 2435 armunen'tario
1446 2353 1563 2462 usqne
1591 2347 1638 2434 rd
1659 2370 1813 2460 tempo-

243 2548 252 2565 „
308 2493 352 2552 ra
376 2461 562 2570 Septimii
580 2461 719 2544 Severi
746 2457 793 2542 dc
818 2459 1068 2558 Carmente,
1094 2461 1160 2544 sub
1179 2485 1345 2569 prorum
1369 2463 1542 2572 lm'perio
1562 2461 1703 2546 cundia
1719 2461 1814 2552 haec
1994 2533 2000 2540 .

207 2618 212 2624 ·
309 2572 591 2684 reparatasunt
648 2572 717 2656 Dc
745 2572 1046 2658 armamentario
1070 2571 1224 2658 constat
1251 2603 1304 2660 ex
1325 2574 1486 2684 antiquo
1512 2575 1605 2660 saxo
1634 2575 1728 2658 olirn
1762 2571 1814 2660 ad
1934 2645 1937 2652 .

309 2685 585 2797 Rombutgum
610 2684 803 2781 inuento,
820 2681 893 2768 hac
909 2686 1125 2787 sententia,
1142 2685 1379 2799 Imperatore
1395 2684 1557 2796 Caesare
1574 2687 1814 2797 deprimi·

171 2833 181 2875 l
309 2793 718 2907 SeutroArguslo&
737 2797 802 2883 M.
815 2801 983 2888 Aurelio
994 2803 1195 2887 Antonino
1205 2799 1370 2907 Caesare
1378 2800 1580 2887 Crlnrtcrr
1601 2801 1705 2890 XV.
1737 2801 1783 2885 V
1776 2826 1813 2885 o·

309 2916 576 3003 momorum
600 2917 951 2997 armarium
969 2912 1162 3020 uetustate
1188 2914 1398 3025 conlapsum
1422 2912 1663 3024 reslitniffi’.--
1696 2909 1814 2997 ‘sitm
1995 2966 2003 2981 ·

311 3032 393 3114 lum
411 3024 534 3223 igitur]
554 3020 748 3131 exlnpide
771 3022 975 3135 integrum
998 3051 1084 3111 noar
1109 3024 1261 3133 prodo,
1295 3020 1383 3134 quia
1398 3025 1451 3108 ob
1474 3027 1647 3109 insuetos
1663 3025 1811 3141 litterae

180 3145 185 3151 ’
311 3168 398 3227 rum
446 3134 682 3247 utmrtypn
706 3134 760 3219 ob
783 3140 923 3221 oculor
935 3137 1035 3246 poni
1059 3136 1270 3223 commode
1298 3166 1382 3221 non
1402 3134 1542 3245 puleii.
1598 3136 1814 3223 Dodcrtmt

214 3319 220 3333 .
313 3280 406 3341 eum
421 3247 635 3338 Scriverius
661 3248 702 3331 in
733 3245 949 3333 Tibulario
973 3249 1267 3360 Antiquitatum
1295 3249 1566 3335 Batavicarum
1591 3254 1682 3361 pig.
1720 3258 1811 3337 182.

248 3375 251 3384 '
311 3368 358 3453 dc
382 3362 587 3474 Altingiur
609 3361 654 3446 in
672 3358 826 3447 Notitia
842 3356 1077 3449 Germaniae
1106 3360 1306 3449 Inferioris
1330 3382 1441 3473 parte
1465 3366 1493 3449 l.
1523 3364 1565 3446 in
1587 3390 1687 3477 rope
1716 3362 1812 3453 At·

314 3496 739 3575 manumittunt,
776 3474 919 3585 aliique
950 3478 1204 3587 complures,
1241 3482 1345 3561 inter
1388 3504 1486 3586 quoa
1514 3499 1648 3563 tamen
1677 3472 1729 3561 de
1757 3480 1814 3563 lc.

312 3587 453 3709 gendo
494 3617 546 3673 eo
589 3588 651 3673 δι’
678 3586 925 3697 exponendo
965 3618 1052 3675 non
1105 3590 1305 3673 convenit
1373 3590 1700 3701 Britten'burgum
1749 3618 1812 3673 au·

313 3726 397 3791 tem
421 3730 445 3785 a
471 3700 665 3787 Brinioue
690 3698 898 3802 dirutum,
935 3723 979 3785 nt
1001 3698 1154 3786 Audor
1171 3701 1229 3787 est
1253 3702 1442 3801 Oolinm,
1471 3702 1718 3787 instauratum
1734 3699 1810 3785 elle

161 3825 166 3837 '
314 3816 364 3903 ab
379 3811 522 3899 eodem
541 3814 736 3922 Septunm
752 3812 910 3925 filioque
933 3822 1040 3921 ciras,
1066 3840 1235 3928 ataguror
1256 3842 1305 3899 cx
1322 3840 1389 3897 arr
1415 3813 1464 3897 rb
1485 3814 1565 3895 ,ilus
1598 3812 1811 3897 instaurate.

313 3932 410 4035 Quo
434 3924 588 4033 Imperii
611 3952 716 4011 anno
747 3926 953 4013 restituerit
975 3956 1061 4014 cem
1082 3930 1274 4030 Severin,
1303 3930 1493 4011 incertum
1516 3924 1582 4010 cst.
1641 3922 1722 4009 Sed
1743 3952 1810 4009 aru

311 4069 410 4129 num
430 4034 532 4123 tituli
547 4039 595 4123 ab
617 4036 835 4126 Antonino
857 4049 940 4148 ejus
968 4039 1052 4125 filio
1076 4041 1248 4151 inscripti
1272 4040 1350 4149 ipsa
1375 4067 1437 4123 ara
1468 4035 1660 4147 praefert,
1688 4038 1810 4121 tribo-

311 4156 451 4243 nitiam
473 4178 620 4261 nempe
645 4150 875 4261 potestatem
907 4152 1087 4239 XVlll.
1118 4154 1163 4239 δι
1191 4155 1444 4237 Consulatum
1470 4150 1574 4233 llll.
1610 4148 1675 4233 hic
1702 4150 1812 4239 eninr
1894 4153 1897 4163 ’

290 4274 471 4379 'quartus
481 4323 496 4368 ,
526 4268 612 4349 non
630 4268 767 4351 tertius
784 4266 840 4349 illi
855 4264 1108 4350 Tribunitiae
1125 4266 1304 4375 potestati
1323 4264 1535 4363 convenit,
1547 4279 1590 4347 ut
1608 4264 1720 4372 supra
1734 4262 1810 4347 dn·

312 4386 402 4480 cui,
430 4374 568 4465 incidit
588 4398 716 4465 autern
735 4380 801 4463 illa
824 4377 1237 4488 Tribunitiapoteslaa
1258 4380 1300 4463 in
1323 4398 1502 4487 pianum
1526 4377 1685 4486 lmperii
1705 4384 1808 4481 eius,

370 4491 538 4575 odsolue
569 4490 733 4604 gellitn
756 4491 879 4575 Patria
905 4494 1042 4592 exitu,
1069 4513 1229 4577 eteniam.
1286 4489 1451 4575 ldemne
1480 4516 1579 4573 vero
1595 4490 1660 4573 laic
1682 4512 1804 4573 annua

310 4520 384 4704 di,
414 4629 494 4714 quo
512 4606 695 4695 omnibus
717 4599 856 4689 officiis
874 4600 944 4691 libi
966 4601 1188 4691 Germanos
1204 4601 1419 4701 demeruit,
1448 4600 1621 4685 necdum
1646 4601 1807 4685 erranti
1878 4578 1885 4641 ¹

311 4720 401 4832 quia
417 4716 676 4825 Scriptoribut
692 4715 830 4807 didici.
873 4720 943 4811 De
967 4716 1032 4807 hit
1044 4716 1185 4811 officiii
1206 4720 1251 4807 &
1264 4716 1340 4803 hue
1357 4712 1591 4821 demerendi
1606 4709 1732 4796 undio
1753 4710 1809 4795 ita

1681 4822 1813 4909 Hero·
