4292 5650
174 486 178 495 ἱ
324 367 407 439 102
508 255 1676 434 nunniusuu'uunoo„
1822 269 1898 382 A

327 567 412 628 raro
429 531 537 648 apud
555 537 708 619 veteres
722 525 925 631 abundat,'
949 546 994 614 ut
1011 527 1213 640 praecepit
1233 529 1415 616 Donatus
1436 530 1486 616 ad
1507 531 1748 623 Terentium
1771 531 1816 622 in

328 647 481 738 Andria
496 645 603 731 Astu
625 645 689 727 111.
708 670 744 725 2.
772 667 833 748 ¹9·
1350 709 1355 718 ,

384 765 451 848 De
472 755 591 843 caussa
607 777 734 840 autern
758 752 802 838 &
828 771 1005 860 tempore
1032 753 1312 838 consecratnea
1333 751 1500 840 Claudio
1523 759 1676 845 Severo
1692 759 1820 844 Anto·

328 869 501 984 ninoqu'e
526 897 612 954 arae
631 866 730 950 nibil
749 894 797 948 ex
817 865 1076 972 Scriptoribus
1099 867 1265 974 antiquis
1292 864 1457 976 proferri
1486 871 1623 978 potest.
1683 875 1822 981 Spera.

330 1015 413 1074 mus
442 1003 571 1068 autem
598 977 714 1064 nobis
743 975 871 1062 fraudi
893 1004 979 1060 non
1005 973 1112 1075 sore,
1144 975 1171 1059 si
1193 981 1294 1076 1113,Ι
1317 1005 1416 1090 quae
1436 977 1488 1066 de
1509 967 1614 1068 iisiiu
1641 1005 1824 1068 mentem

329 1117 554 1194 venerunt,
584 1091 897 1188 narraverimus,
925 1085 992 1172 sed
1018 1087 1180 1172 stridiius
1209 1119 1315 1173 nunc
1346 1089 1396 1176 de
1426 1091 1573 1194 caussa,
1604 1097 1690 1206 quia
1727 1093 1822 1180 baec
1875 1118 1882 1130 ·

164 1317 169 1324 ἱ
329 1209 516 1320 deinceps
541 1224 763 1315 exponetur
786 1201 983 1312 pluribus«,
1023 1228 1113 1288 cum
1142 1225 1400 1288 monumenta
1428 1207 1611 1292 Bataviae
1635 1207 1822 1315 antiquae

279 1410 283 1420 ,
330 1321 515 1437 peculiari
546 1318 747 1402 volumine
780 1313 1054 1398 illustrabimus.
1115 1313 1283 1398 Aratum
1318 1345 1456 1430 magna
1481 1324 1576 1404 olun
1602 1349 1650 1404 co
1682 1321 1717 1402 ia
1750 1319 1825 1405 suit

334 1438 383 1532 ad
402 1435 611 1532 Rhenum,
641 1457 736 1540 quae
755 1426 913 1538 quidem
935 1423 1027 1509 inde
1047 1425 1093 1509 ab
1113 1425 1326 1512 instauratis
1348 1347 1714 1543 litterarum-studiis
1742 1429 1825 1515 sue-

333 1570 426 1636 runt
446 1550 656 1642 inventae,
686 1561 823 1626 extant
843 1536 943 1649 apud
964 1537 1489 1627 Gruterum&Reinesrum.
1548 1545 1665 1628 Aliae
1689 1543 1826 1628 3631-
1948 1533 1951 1542 ’

335 1667 383 1750 lis
406 1657 686 1764 Germanisque
704 1653 839 1738 Rheni
866 1651 1032 1748 accolis,
1063 1651 1157 1734 aliae
1182 1680 1202 1732 a
1229 1653 1435 1750 militibus,
1464 1657 1558 1740 aliae
1583 1653 1825 1753 aDucibus‚

335 1775 552 1862 nonnullae
570 1770 687 1853 etiam
710 1767 757 1851 ab
776 1761 1074 1874 imperatoribus
1093 1761 1281 1846 Romanis
1306 1765 1467 1853 sacratae
1495 1769 1607 1870 sunt,
1638 1769 1727 1854 cum
1744 1768 1831 1854 Ro-¹

336 1912 570 1981 manorum,
600 1903 683 1965 tum
705 1877 961 1964 Barbarorum
976 1874 1065 1960 Dis.

395 1993 568 2084 Vidi&
598 1987 777 2100 descripsi
804 1989 881 2098 ipse
910 1989 1150 2087 nonnullas,
1190 1989 1345 2072 titulum
1382 1992 1496 2076 unius
1533 1989 1638 2078 baud
1668 1993 1724 2078 ita
1752 1991 1832 2102 pri-

338 2112 433 2200 dem
467 2133 620 2195 mecum
657 2099 960 2188 communicavit
997 2099 1073 2182 Vir'
1105 2099 1207 2214 Juris
1245 2101 1415 2188 Romani
1450 2107 1595 2215 pariter
1631 2133 1674 2190 ac
1711 2105 1831 2190 Patrii

178 2287 182 2294 -
338 2221 628 2316 Peritilsrmus,
666 2241 794 2325 neque
832 2243 854 2297 a
889 2212 1028 2296 litteris
1059 2211 1199 2296 nostris
1229 2215 1377 2301 alienus
1406 2216 1581 2330 Joannes
1611 2219 1829 2316 Roukens,

339 2337 406 2446 qui
432 2329 596 2420 serravit
624 2355 727 2412 aram
754 2355 778 2411 a
805 2345 921 2410 nauta
950 2327 1052 2410 inter
1081 2323 1262 2434 lapidee,
1304 2353 1353 2410 ex
1382 2329 1516 2438 quibus
1535 2328 1588 2412 in
1617 2325 1832 2413 Hollandia

340 2451 426 2535 calx
458 2441 705 2528 coementitia
741 2439 981 2536 conteritur,
1010 2438 1265 2548 Neomagum
1295 2435 1522 2548 deportata,
1551 2437 1761 2546 cujusmodi
1788 2439 1832 2524 in

339 2563 448 2647 usum
477 2553 540 2638 alii
568 2549 716 2662 lapides
746 2582 798 2638 ex
819 2549 1037 2634 Germania
1072 2551 1269 2658 superiore
1307 2549 1460 2635 devesli
1497 2550 1679 2636 dicilmur
1705 2548 1847 2638 hodie

341 2694 476 2764 extare
505 2663 748 2750 Dordrechti
776 2664 816 2746 in
848 2655 1068 2744 Hollandia.
1128 2660 1328 2769 Inscriptio
1366 2691 1485 2763 urae,
1515 2691 1612 2774 quae
1647 2663 1690 2748 in
1725 2663 1833 2747 Rou-

344 2781 468 2877 lentii
498 2777 655 2870 aedibus
686 2773 844 2876 vifitur,
875 2774 970 2858 haec
1000 2770 1066 2857 est.

802 2998 1089 3089 HERCULI
1124 2998 1203 3087 SA

800 3115 1007 3203 XANO
1137 3142 1148 3196 ε

801 3226 1084 3314 COELIUS
1131 3290 1141 3308 .

801 3338 1200 3427 MARCELLVS
1232 3355 1258 3439 7

817 3452 903 3553 QX
940 3445 1292 3541 GETGVEO·

804 3564 1224 3723 conuulso

803 3728 1237 3817 unsusum«

352 3974 414 4060 Ex
433 3969 504 4055 hac
526 3984 655 4052 autern
679 3986 741 4045 ara
763 3955 916 4065 aliisque
936 3952 1144 4065 aliquando
1168 3952 1503 4073 numeuHerculia
1529 3949 1840 4040 Saxaniillustra·

358 4085 514 4182 bimus,
543 4104 659 4191 quem
678 4072 890 4157 Herculem
920 4068 1151 4153 Saxsantnm
1178 4066 1423 4168 nominabit,
1454 4067 1523 4177 qui
1557 4062 1648 4151 fidei
1679 4065 1834 4152 illustris

354 4194 524 4303 Copori,
554 4220 628 4302 qua
642 4187 681 4275 se
705 4182 876 4297 lapidem
896 4180 980 4295 agri
1004 4176 1196 4268 Clivensrs
1222 4174 1449 4290 descripsisse
1474 4198 1665 4265 memorat
1689 4178 1730 4262 in
1748 4176 1842 4263 Mo·

354 4308 552 4393 numentis
569 4301 733 4406 antiquis
755 4326 843 4412 pag.
866 4308 961 4386 208.
986 4300 1070 4409 plus
1094 4292 1240 4397 credit,
1272 4320 1388 4405 quam
1406 4293 1531 4393 nobis,
1591 4290 1697 4378 Num
1716 4286 1745 4373 s1
1768 4317 1843 4400 qua

235 4413 239 4421 ’
355 4418 454 4505 meis
472 4413 750 4525 &amicorum
769 4410 1024 4517 complurium
1038 4411 1159 4491 oculis
1173 4405 1299 4508 fides,
1324 4403 1371 4491 ad
1386 4434 1486 4518 quos
1505 4404 1707 4515 exegimus
1728 4404 1845 4490 semel

355 4535 582 4637 iterumque
599 4523 699 4605 illius
720 4518 811 4602 Viri
832 4519 966 4629 magni
995 4516 1347 4621 adseverationem‚
1376 4546 1460 4607 non
1478 4512 1845 4605 SAXSANTO

355 4643 424 4737 sed
441 4646 693 4735 Saxsano
707 4636 751 4721 in
772 4624 901 4741 lapide
912 4630 1094 4745 scriptum
1111 4628 1221 4719 fuisse
1236 4628 1304 4721 sbi
1316 4628 1580 4747 persuadebit5
1595 4628 1845 4825 nequeergiigeip

613 5040 751 5128 .κὶ
