4292 5650
354 213 1677 453 m'nnnnrranusuaoo

360 527 457 612 quos
477 477 587 584 extra
602 493 766 582 Insulam
779 513 1081 608 cognoverant,
1109 495 1154 580 in
1170 497 1401 607 opinionem
1421 509 1520 591 mox
1538 517 1757 604 venerunt,
1786 527 1859 590 eoa

261 631 270 640 ’
360 641 411 698 ea
431 614 663 698 continente
686 629 786 694 terra
807 603 1211 712 ininsulamdelatos,
1238 638 1360 720 quum
1374 615 1608 724 probabilius
1620 609 1692 716 lit,
1719 642 1772 700 ex
1788 614 1860 700 hac

303 763 307 773 ·
361 726 404 812 in
418 729 523 812 illam
540 725 669 836 plures
690 723 735 808 &
754 719 950 806 lubentius
974 718 1157 806 homines
1187 722 1400 832 professos.
1458 727 1667 853 ingenium
1689 753 1859 838 namque

353 835 780 926 mortaliumabhorre't
801 833 961 932 amari,
989 861 1119 946 neque
1141 831 1184 920 id
1208 839 1508 948 experieabatur
1531 839 1650 942 olam,
1680 833 1877 950 ninpre

362 973 498 1038 mente
515 951 743 1034 necessitate
762 975 859 1056 quae
880 939 1056 1032 in'Gallis
1076 951 1204 1051 nulla,
1233 951 1278 1059 in
1299 952 1641 1040 Britannis-multa
1656 951 1743 1038 fuit
1772 953 1859 1042 Ab·
1949 1009 1952 1014 -

360 1063 574 1156 horrebant
591 1063 709 1150 etiam
724 1061 835 1172 prisci
849 1063 1032 1146 mortales
1050 1059 1191 1146 eadem
1209 1064 1359 1150 canone
1376 1067 1424 1150 ab
1440 1068 1590 1166 Insania,
1609 1095 1772 1180 quarum
1788 1067 1854 1152 ln·
1901 1121 1907 1131 -

360 1183 464 1264 colas
487 1177 666 1285 ellendige
682 1203 702 1262 3
720 1172 845 1283 priscis
872 1171 1088 1274 Germanis,
1102 1173 1293 1286 Gallisque
1315 1183 1527 1290 appellatos
1542 1181 1733 1279 abitror,
1753 1191 1855 1289 quae

359 1319 442 1378 vox
459 1317 569 1386 nunc
589 1289 744 1382 miseros
768 1305 882 1397 atque
913 1289 1161 1374 aerumnosos
1181 1287 1435 1402 adfignificat
1491 1291 1858 1404 Antiqullimatum
1906 1325 1914 1346 ·

361 1425 492 1492 autem
512 1429 640 1488 rtrum
664 1401 974 1485 Britannicarum
1000 1404 1235 1488 memoriam
1256 1403 1445 1518 Drysidae
1465 1401 1547 1491 five
1582 1403 1754 1494 Druidas
1778 1407 1860 1488 saus

201 1541 205 1552 ’
362 1517 549 1604 nilnmos
574 1515 852 1600 Britannorum
874 1510 1153 1623 Gallorumque
1170 1515 1431 1622 Sacerdotes,
1468 1513 1709 1606 conseruasse
1734 1536 1855 1625 puto,

352 1631 429 1742 ‚qui
447 1627 541 1716 teste
556 1627 774 1712 Ammiano
791 1627 1026 1712 Marcellino
1039 1626 1139 1718 libro
1159 1627 1264 1714 XV.
1280 1657 1414 1742 capp.
1444 1633 1493 1720 ab
1509 1631 1652 1718 exteris
1670 1633 1799 1738 insulis
1812 1630 1858 1713 in
1949 1734 1953 1740 Ι
1977 1735 1981 1743 1

362 1745 530 1834 Galliam
541 1743 710 1852 populos
732 1735 873 1834 venisse
889 1735 1165 1848 prodiderunt:
1192 1761 1344 1830 exteras
1360 1765 1498 1830 autern
1522 1745 1660 1829 lnlirlrs
1685 1740 1754 1826 lias
1773 1740 1857 1828 Bri·
1885 1752 1889 1762 ‘

363 1857 538 1944 tannicas
561 1851 663 1952 effe,
692 1852 793 1938 ratio
830 1851 905 1960 ipsa
937 1871 1086 1936 monet.
1143 1853 1263 1957 Nulla
1280 1874 1409 1940 autem
1427 1855 1546 1940 caulis
1564 1854 1699 1968 adegit
1720 1853 1856 1939 Gallos

289 2049 291 2054 ,
362 1965 608 2081 quantumvis
625 1965 819 2076 proclives
849 1959 900 2046 ad
920 1959 1041 2048 solum
1064 1961 1323 2068 vertendum,
1353 1994 1422 2050 cur
1451 1968 1551 2054 truci
1576 1967 1718 2082 pelago
1740 1969 1860 2054 vitam

361 2081 677 2176 committerent,
707 2101 828 2186 quum
846 2075 975 2168 omnis
997 2076 1044 2170 iis
1060 2077 1217 2187 Europa
1232 2081 1516 2190 antiquioribus
1526 2080 1775 2190 temporibus
1785 2107 1859 2189 pas

363 2213 489 2294 teret,
518 2191 818 2296 laetrlsrmaeque
842 2189 1026 2298 regiones
1044 2187 1148 2275 ltalia
1165 2211 1279 2300 atque
1295 2194 1534 2302 Hispaniain
1554 2191 1858 2304 proximoinvii

361 2327 515 2403 tarent,
548 2329 642 2415 quas
662 2297 949 2410 &frequentes
975 2302 1195 2410 praesertim
1221 2304 1371 2392 ltaliam
1401 2301 1552 2390 dudum
1572 2303 1858 2410 antezCaesaris

359 2423 404 2507 in
425 2417 591 2504 Galliam
614 2414 825 2506 adventum
850 2437 1098 2524 occuparunt.
1153 2417 1241 2502 imo
1261 2413 1294 2502 sr
1317 2421 1410 2502 veri
1429 2419 1539 2518 iimt,
1567 2413 1859 2530 quaelCamdea

358 2561 435 2620 ntis
455 2529 505 2618 de
528 2528 728 2616 Britannia
753 2555 840 2642 pag.
867 2551 932 2632 34.
962 2557 1014 2612 ex
1034 2528 1298 2637 scriptoribus
1337 2531 1469 2640 priscis
1499 2529 1647 2631 ilocet,
1667 2529 1860 2616 Britanni

353 2643 534 2758 permisti
555 2639 712 2729 fuerunt
729 2637 848 2724 Gallis
865 2639 908 2724 δι
926 2639 1120 2738 Cimbris,
1149 2651 1216 2750 qui
1233 2643 1375 2755 egreffi
1394 2670 1416 2728 e
1435 2641 1859 2748 PatrialtaliamGraou

361 2761 540 2867 clamque
568 2753 782 2853 vastarunt,
810 2751 1056 2860 queramini
1076 2753 1343 2863 ipsametiam
1366 2751 1500 2843 Aliam
1520 2755 1608 2841 sunt
1631 2755 1641 2771 '
1743 2753 1789 2839 ffi
1812 2754 1857 2843 83

363 2862 1642 2983 adPonturnEuxiuumsedesfiaerunt,dequibusJusiinuslibrn
1687 2866 1857 2953 ι’111111

360 3016 446 3096 cap.
466 3009 502 3092 3.
533 2974 642 3065 idem
663 3006 819 3090 quoque
840 2974 1347 3067 -CamdenusBritomarum
1370 2980 1574 3068 insularum
1597 2982 1781 3094 Regem,
1801 2979 1860 3067 tie

364 3128 444 3210 quo
467 3097 604 3183 florus
625 3094 726 3181 libro
746 3092 800 3177 ll.
821 3120 902 3201 cap.
917 3116 960 3197 4-
991 3094 1202 3180 Britonem
1216 3092 1328 3181 fuisse
1354 3094 1474 3191 dicu,
1501 3120 1619 3200 quem
1644 3112 1782 3177 tamen
1795 3092 1857 3184 M.

364 3213 547 3299 Velserus
571 3207 782 3295 Annalium
809 3206 998 3309 Boiorum
1022 3207 1124 3290 libro
1142 3209 1173 3289 1.
1197 3234 1284 3316 cap.
1312 3204 1521 3313 18.&19.
1551 3203 1658 3310 Bojis
1677 3206 1753 3290 suis
1769 3206 1860 3289 vin,

237 3397 244 3409 ,
351 3324 479 3413 'dican
537 3323 636 3407 Uter
655 3317 783 3402 verius
803 3318 864 3401 alii
884 3314 1373 3427 judicent,equidemhoc
1391 3315 1534 3405 Gentis
1552 3316 1598 3404 &
1617 3319 1770 3404 Patriae
1784 3316 1860 3403 stu-

364 3437 435 3521 dio
459 3430 628 3520 dandum
647 3432 809 3528 censen,
839 3426 945 3536 quod
970 3430 1114 3528 etiam,
1141 3444 1237 3515 cum
1260 3432 1428 3515 nimium
1449 3430 1532 3533 est,
1561 3431 1723 3519 crimine
1739 3438 1857 3516 ciret

366 3554 479 3655 Qaae
500 3564 627 3632 autem
642 3539 782 3629 caussae
801 3569 845 3625 ae
862 3538 1111 3629 neceffitates
1128 3542 1272 3629 -Gslloe
1292 3545 1335 3628 in
1358 3544 1444 3629 alias
1465 3546 1584 3629 terras
1602 3548 1859 3653 expulerunt,

325 3766 329 3769 ,
365 3658 529 3750 eaedem
545 3658 752 3744 Britannos
773 3657 815 3737 in
840 3652 1004 3745 Galliam
1021 3655 1183 3766 aliasque
1209 3657 1357 3743 vicinas
1382 3659 1589 3772 regiones,
1617 3654 1659 3741 id
1675 3658 1754 3757 est,
1782 3656 1861 3741 Ba·

364 3776 509 3863 taviam
525 3768 756 3879 Frisiamque
773 3765 845 3853 ade
875 3788 1000 3855 erunt.
1052 3768 1105 3857 ln
1123 3771 1183 3855 his
1203 3770 1259 3857 est
1279 3769 1485 3855 hominurn
1511 3768 1667 3856 infinita
1684 3770 1861 3875 multitia

355 3890 446 3990 alo,
474 3884 523 3973 de
544 3914 618 3995 qua
641 3882 776 3969 Caesar
793 3882 834 3965 in
856 3966 862 3973 ,
890 3886 966 3967 ello
988 3878 1142 3969 Gallico
1158 3884 1260 3970 libro
1282 3888 1335 3968 V.
1356 3913 1439 3995 cap.
1464 3908 1525 3969 ra.
1557 3884 1669 3969 Dicit
1685 3882 1858 3994 quidem,

368 4032 452 4087 cam
471 3995 762 4084 multitudinem·
777 3992 1017 4101 potiliunnm
1039 3994 1250 4110 Belgarum
1277 3994 1374 4099 elle,
1402 3994 1470 4081 sed
1489 4024 1608 4107 quum
1631 3992 1796 4109 praedae
1814 4022 1858 4079 ac

249 4102 255 4121 i
364 4117 456 4203 belli
470 4110 669 4199 inferendi
689 4104 815 4193 cautla
838 4136 889 4191 ex
912 4104 1054 4333 Belgio
1072 4109 1114 4193 in
1134 4110 1296 4194 insulam
1316 4112 1372 4193 illi
1387 4108 1646 4209 transierant,
1675 4108 1860 4217 intelligis
1890 4106 1894 4115 ’

367 4254 451 4313 mus
462 4283 476 4326 ,
505 4226 715 4311 Britannos
741 4226 948 4317 &asiniuus
997 4228 1090 4309 tales
1104 4222 1148 4307 in
1167 4224 1287 4309 lusttla
1303 4220 1410 4308 stille
1427 4222 1695 4309 docetCaesar
1714 4216 1860 4308 eadent

230 4348 234 4355 '
367 4368 449 4449 cap.
479 4342 562 4449 ra.)
589 4366 640 4419 ex
657 4336 716 4419 his
733 4335 885 4422 sedibus
903 4336 1068 4441 eiesltn,
1098 4336 1255 4423 constes
1275 4334 1386 4423 fuisse
1399 4364 1526 4423 noras
1542 4357 1663 4421 terras
1682 4330 1859 4418 habitans
1890 4363 1894 4369 ·

244 4453 246 4459 ’
357 4451 437 4539 slas
462 4474 668 4561 quaerere,
699 4446 743 4531 δι
763 4474 881 4553 quum
910 4449 1037 4533 vicina
1058 4446 1186 4533 Gallia
1202 4446 1492 4561 Germaniaque
1512 4450 1598 4538 loca
1615 4473 1736 4531 vacua
1750 4474 1859 4556 prae)
1946 4482 1961 4525 ι

366 4569 499 4665 beret,
531 4590 579 4651 eo
604 4562 815 4645 nonnullos
843 4560 1022 4664 traiecisse
1046 4558 1204 4647 testatrrr
1228 4590 1383 4675 quoque
1410 4564 1488 4671 ipse¹
1504 4558 1640 4645 Caesar
1653 4560 1758 4645 libro
1779 4561 1855 4643 IV.

365 4710 449 4796 cap.
469 4704 533 4769 20.
564 4673 687 4763 Gallis
708 4672 840 4761 crebra
860 4672 999 4759 auxilia
1015 4703 1064 4759 ea
1081 4672 1283 4783 Britannia
1304 4674 1413 4781 missa
1425 4668 1555 4777 soille,
1569 4672 1859 4867 quumipseGia?
