4292 5650
337 267 1644 464 'spaunrrruuauuoo
1753 385 1819 496 ῃ

303 574 600 661 ‘manorumque
622 546 747 636 delata
774 550 844 633 vix
870 551 950 636 ullo
970 577 1137 637 numero
1163 549 1261 652 fuit,
1291 552 1335 639 dr
1358 583 1380 638 a
1402 555 1535 642 maltis
1561 551 1823 670 Geogr'aphie

315 665 497 782 negledia
518 664 583 749 est.
644 667 773 770 Quam
789 662 879 751 sane
904 663 1064 750 caussam
1087 666 1315 774 opinamur,
1343 693 1413 750 cur
1434 696 1522 752 raro
1541 689 1656 779 atque
1681 699 1701 753 a
1723 695 1816 778 pau·

316 781 372 864 cis
388 775 564 886 traiedtua
580 777 859 862 Britannorum
876 778 920 860 in
938 779 1027 861 aiias
1055 795 1175 867 terrae
1194 778 1238 861 aa
1259 776 1370 863 sedes
1393 802 1670 864 memorentur.
1732 781 1816 869 Va·-

163 931 183 992 ,’
316 922 402 977 rum
423 889 518 1004 quid
532 891 713 974 miramur
726 887 945 1000 'paucorum
964 889 1155 1006 egressum
1172 917 1224 974 ex
1239 891 1362 974 Insula
1379 888 1533 976 sasentio
1551 891 1625 977 esse
1640 911 1815 1001 praeteru

179 1076 186 1110 ,
315 1002 466 1092 naissum
492 1003 782 1114 aStriptoribus
808 1003 999 1087 Romanis
1030 1001 1286 1113 Graecisque?
1323 1007 1461 1110 Quum
1482 1033 1534 1090 ex
1556 1006 1720 1113 utrisque
1744 1006 1816 1093 uix

251 1119 258 1131 ’
310 1145 417 1206 »unus
437 1115 506 1218 srt,
536 1118 604 1225 qui,¹
623 1120 740 1226 piene
759 1115 827 1199 An
858 1118 988 1199 iorum·
1003 1117 1556 1226 saxonumque-irruptionem
1571 1118 1615 1202 &
1634 1115 1817 1211 domina,

313 1233 492 1331 tionem,
521 1230 763 1350 secutamque
785 1143 879 1312 inde
894 1229 1170 1315 Britannorum
1186 1226 1319 1342 sugam
1333 1231 1374 1312 in
1390 1228 1553 1314 Galliam
1571 1255 1813 1314 commemo·

278 1451 284 1456 α
313 1354 401 1431 ret?
428 1345 572 1453 Neque
595 1362 724 1427 autem
748 1341 888 1456 exigua
904 1342 1184 1426 Britannorum
1205 1367 1342 1425 manus
1368 1341 1464 1444 suit,
1495 1342 1730 1450 quaeexosa
1746 1369 1813 1426 ex·

316 1477 486 1544 terorum
502 1453 755 1569 tyrannidem
769 1457 831 1541 illa
854 1454 1079 1565 tempestate
1101 1456 1264 1539 Insulam
1277 1456 1379 1538 suam
1399 1455 1615 1564 reliquit&
1632 1483 1756 1539 novas
1771 1455 1814 1539 in

315 1568 443 1656 Gallia
459 1567 565 1655 sedes
589 1561 1013 1679 qttaefivit30ccupavit
1031 1596 1200 1680 namque
1217 1565 1409 1678 quidquid
1428 1587 1615 1653 terrarum
1636 1566 1685 1652 ad
1697 1567 1813 1682 Lige-

309 1681 392 1769 'rim
419 1684 707 1793 Oceanumque
727 1681 951 1790 amplissime
969 1685 1100 1787 patet,
1126 1681 1170 1763 dc
1187 1679 1308 1765 hodie
1321 1681 1548 1767 Britanniae
1566 1680 1727 1765 minoris
1740 1708 1814 1766 no-

312 1797 421 1882 mine
442 1795 486 1878 in
507 1793 669 1877 francia
691 1789 921 1904 desrgnatur.
981 1789 1101 1905 Certe
1116 1787 1327 1890 Zofimus',
1353 1791 1567 1890 Zonaras,
1597 1792 1813 1902 Theopha·
1898 1883 1901 1886 ,

313 1936 409 2007 nes,
439 1903 643 1990 Cedrenus
666 1906 808 2015 quique
825 1902 887 1985 alii
905 1903 992 1985 sunt
1009 1898 1238 1986 nobilissimi
1250 1931 1324 2014 per
1339 1902 1435 1987 haec
1445 1905 1698 2014 proximaque
1717 1925 1813 2012 tem·

313 2049 431 2134 pora,
460 2013 596 2128 quibua
618 2015 681 2101 isla
693 2015 873 2129 migratio
893 2010 1056 2113 accidit,
1087 2013 1371 2116 Historicieam
1389 2016 1681 2127 praeterierunt.
1719 2017 1814 2103 Pro·

315 2134 450 2245 copias
470 2149 598 2215 autem
611 2125 844 2242 usqueadeo
864 2155 992 2212 rerum
1011 2126 1324 2212 Britannicarum
1340 2131 1500 2244 ignarus
1516 2128 1612 2230 suit,
1641 2149 1709 2231 ut,
1722 2157 1819 2216 cum

316 2247 603 2358 alios'populos
616 2246 661 2328 in
679 2241 882 2328 Britannia
900 2243 962 2324 ves
982 2239 1122 2326 Brittia
1143 2241 1362 2351 exscriptis
1386 2241 1443 2326 sui
1467 2243 1715 2353 superiorisve
1736 2245 1814 2328 sae·

315 2363 415 2461 culi,
446 2379 510 2443 aut
529 2387 579 2442 ex
601 2354 839 2442 sermonibus
871 2353 1030 2438 aliorum
1070 2351 1349 2468 cognovisset,
1385 2381 1502 2462 quam
1535 2355 1819 2466 antiquioribus

315 2471 576 2581 scriptoribus
593 2471 636 2552 in
655 2495 700 2552 ea
717 2466 840 2550 insula
858 2486 1146 2566 memorantur,
1175 2467 1335 2575 Anglos
1349 2493 1495 2576 nempe
1505 2470 1681 2554 Saxones
1703 2468 1811 2552 alios·

267 2653 272 2662 .
314 2613 415 2698 que3
444 2585 529 2670 Hos
551 2607 635 2667 non
661 2579 804 2664 veteris
830 2577 1057 2663 Britanniae
1081 2577 1148 2664 sed
1167 2581 1325 2664 alteriue
1343 2579 1489 2664 insulae
1516 2582 1663 2678 incolae
1683 2579 1812 2667 existi-

287 2699 436 2786 marit.
493 2691 572 2784 Sed
591 2693 642 2780 de
658 2693 785 2778 Proto
814 2691 842 2775 ii
862 2691 998 2776 Brittia
1011 2703 1107 2777 mox
1128 2689 1290 2778 dicendi
1312 2698 1420 2780 locus
1444 2694 1529 2780 erit.

302 2854 304 2860 ·
371 2814 485 2916 Quae
502 2809 618 2919 usque
634 2803 761 2907 adhuc⁴
776 2721 964 2916 disputata
979 2805 1067 2891 sunt
1086 2836 1107 2889 a
1123 2832 1216 2908 me,
1247 2836 1297 2893 eo
1312 2805 1552 2918 potiffimum
1564 2805 1808 2918 speBamnt,

166 2987 170 2997 .
314 2943 359 3007 ut
380 2920 568 3005 docerem
584 2919 796 3002 Britannos
820 2946 869 3001 err
885 2918 1009 3002 Insula
1020 2917 1246 3031 profugoS,
1288 2940 1353 3004 aut
1375 2922 1516 3027 sponte
1539 2923 1712 3004 melioris
1732 2943 1810 3006 ter·

313 3063 379 3119 rae
409 3032 668 3140 fortunaeque
715 3029 792 3137 spe.
812 3027 1003 3141 egressor,
1029 3026 1137 3113 sedes
1175 3058 1246 3137 per
1272 3030 1441 3113 Galliam
1477 3020 1808 3142 Germaniamque

263 3171 265 3177 ·
313 3144 498 3346 cepisse,
539 3141 656 3263 iisque
688 3167 840 3268 nornen
857 3140 974 3335 grum
1008 3139 1223 3337 inposuisg.
1260 3140 1526 3268 ..Adseverare
1555 3162 1809 3230 tamennon

313 3256 1405 3493 deffensisssdsissr'sogiisisssinsiissis
1424 3254 1807 3477 {Beterras

311 3487 443 3573 tannis
473 3510 624 3572 nomen
654 3498 876 3590 acceperant
913 3481 1187 3593 originemque
1233 3479 1398 3567 trahant.
1468 3482 1603 3567 Potuit
1638 3510 1807 3593 namque

311 3598 433 3701 fieri,
469 3616 513 3685 ut
547 3626 568 3682 a
590 3591 828 3681 Cohortibus
860 3592 989 3678 Alisve
1010 3594 1314 3695 Britannorum,
1350 3622 1449 3704 quae
1475 3595 1578 3680 inter
1603 3596 1806 3682 Romano·

312 3740 398 3795 rum
430 3712 570 3796 auxilia
605 3704 796 3819 stipendia
821 3702 1041 3807 fecerunt,
1069 3704 1116 3789 iis
1158 3734 1309 3793 nomen
1331 3705 1501 3793 haeserit.
1560 3709 1684 3798 Soliti,
1697 3710 1804 3794 enim

311 3822 484 3910 Romani
503 3821 633 3932 copias
654 3817 1031 3905 e'xProvinciaIibits
1051 3820 1284 3930 conscriptas
1301 3821 1462 3905 militiae
1480 3822 1620 3927 jurein
1636 3817 1804 3906 diversae

311 3942 597 4067 nonnunquam
614 3951 731 4059 terras
756 3932 937 4034 mittere,
965 3930 1086 4044 idque
1110 3930 1231 4017 deflet
1249 3933 1386 4018 Civilia
1405 3935 1573 4020 Batavus
1596 3930 1700 4070 apud
1718 3934 1803 4021 Ta·

308 4044 1472 4284 sbftss
1507 4047 1803 4266 urat·

310 4278 515 4362 Brittonea
533 4302 578 4359 m
596 4290 736 4361 norrtra
752 4274 908 4382 Impera
925 4272 991 4356 sub
1012 4267 1261 4381 drsposstrone
1277 4271 1427 4357 illustras
1436 4271 1614 4385 Magistri
1631 4276 1800 4361 militum
1896 4268 1901 4290 ¹

312 4414 384 4498 per
402 4390 621 4503 Illyricum,
638 4386 732 4471 item
748 4384 815 4469 sub
831 4382 1081 4493 dispositione
1092 4382 1178 4468 Viri
1194 4382 1410 4495 spectabilia
1421 4386 1545 4471 Ducis
1561 4386 1799 4476 Thebaidos

310 4502 583 4602 recensentur,
613 4498 757 4594 &cum
780 4498 881 4584 Viro
897 4496 1030 4582 illustri
1045 4496 1236 4611 Magistro
1255 4499 1443 4609 Equitum
1471 4495 1682 4589 Galliarum
1697 4504 1799 4586 intra
1832 4579 1838 4585 .
1904 4594 1907 4601 ,

250 4659 254 4670 ·
311 4612 482 4710 Gallias,
512 4614 607 4723 quin
621 4612 672 4699 dr.
689 4613 734 4697 in
750 4611 938 4723 Hispania
957 4612 1113 4722 aliisque.
1129 4612 1172 4694 in
1193 4610 1290 4698 locis
1316 4610 1498 4701 militasse
1512 4634 1798 4715 memorantur,

307 4722 414 4886 haud
436 4724 545 4813 aliter
561 4752 604 4856 ac
618 4726 757 4816 Batavi
766 4780 783 4831 ,
812 4724 939 4840 quiin
958 4726 1201 4923 quascunqqie
1219 4746 1339 4814 terrae
1354 4724 1511 4816 fuertmt
1529 4724 1703 4828 abducti,
1716 4752 1800 4927 teg
