<?xml version="1.0" encoding="UTF-8"?>
<!DOCTYPE html PUBLIC "-//W3C//DTD XHTML 1.0 Transitional//EN"
    "http://www.w3.org/TR/xhtml1/DTD/xhtml1-transitional.dtd">
<html xmlns="http://www.w3.org/1999/xhtml" xml:lang="en" lang="en">
 <head>
  <title>
</title>
<meta http-equiv="Content-Type" content="text/html;charset=utf-8" />
  <meta name='ocr-system' content='tesseract 3.04.00' />
  <meta name='ocr-capabilities' content='ocr_page ocr_carea ocr_par ocr_line ocrx_word'/>
</head>
<body>
  <div class='ocr_page' id='page_1' title='image "./henricicannegie00degoog_0075.png"; bbox 0 0 4292 5650; ppageno 0'>
   <div class='ocr_carea' id='block_1_1' title="bbox 275 303 1892 662">
    <p class='ocr_par' dir='ltr' id='par_1_1' title="bbox 275 303 1892 662">
     <span class='ocr_line' id='line_1_1' title="bbox 374 303 1892 483; baseline -0.022 -21"><span class='ocrx_word' id='word_1_1' title='bbox 374 303 1892 483; x_wconf 33' lang='lat' dir='ltr'>soanarnraunuaooffp‘</span> 
     </span>
     <span class='ocr_line' id='line_1_2' title="bbox 275 513 1790 662; baseline -0.01 -19"><span class='ocrx_word' id='word_1_2' title='bbox 275 571 285 585; x_wconf 68' lang='grc'><strong><em>“</em></strong></span> <span class='ocrx_word' id='word_1_3' title='bbox 338 561 441 642; x_wconf 67' lang='lat' dir='ltr'>run</span> <span class='ocrx_word' id='word_1_4' title='bbox 480 537 746 642; x_wconf 86' lang='lat' dir='ltr'>Ordovices</span> <span class='ocrx_word' id='word_1_5' title='bbox 776 513 1275 662; x_wconf 65' lang='lat' dir='ltr'>Britanna&#39;tal’rpulas.</span> <span class='ocrx_word' id='word_1_6' title='bbox 1309 567 1454 630; x_wconf 81' lang='lat' dir='ltr'>aarum</span> <span class='ocrx_word' id='word_1_7' title='bbox 1502 531 1594 628; x_wconf 81' lang='lat' dir='ltr'>edes</span> <span class='ocrx_word' id='word_1_8' title='bbox 1622 529 1790 629; x_wconf 84' lang='lat' dir='ltr'>demon·</span> 
     </span>
    </p>
   </div>
   <div class='ocr_carea' id='block_1_2' title="bbox 334 663 1833 939">
    <p class='ocr_par' dir='ltr' id='par_1_2' title="bbox 334 663 1833 939">
     <span class='ocr_line' id='line_1_3' title="bbox 334 663 1788 808; baseline -0.01 -31"><span class='ocrx_word' id='word_1_9' title='bbox 334 679 552 808; x_wconf 80' lang='lat' dir='ltr'>strantur.</span> <span class='ocrx_word' id='word_1_10' title='bbox 624 673 869 804; x_wconf 82' lang='lat' dir='ltr'><strong>Brigantes</strong></span> <span class='ocrx_word' id='word_1_11' title='bbox 899 677 945 767; x_wconf 88' lang='lat' dir='ltr'>in</span> <span class='ocrx_word' id='word_1_12' title='bbox 968 673 1107 766; x_wconf 72' lang='lat' dir='ltr'>uanis</span> <span class='ocrx_word' id='word_1_13' title='bbox 1137 674 1304 764; x_wconf 73' lang='lat' dir='ltr'>terriu</span> <span class='ocrx_word' id='word_1_14' title='bbox 1365 668 1586 801; x_wconf 85' lang='lat' dir='ltr'>Brittium</span> <span class='ocrx_word' id='word_1_15' title='bbox 1610 663 1788 796; x_wconf 78' lang='lat' dir='ltr'>Lufita·</span> 
     </span>
     <span class='ocr_line' id='line_1_4' title="bbox 351 801 1833 939; baseline -0.003 -30"><span class='ocrx_word' id='word_1_16' title='bbox 351 821 455 909; x_wconf 85' lang='lat' dir='ltr'>niae.</span> <span class='ocrx_word' id='word_1_17' title='bbox 523 809 668 939; x_wconf 72' lang='lat' dir='ltr'>Irfitla</span> <span class='ocrx_word' id='word_1_18' title='bbox 700 806 971 925; x_wconf 84' lang='lat' dir='ltr'>Brettotia‚</span> <span class='ocrx_word' id='word_1_19' title='bbox 1013 837 1121 938; x_wconf 84' lang='lat' dir='ltr'>qnae</span> <span class='ocrx_word' id='word_1_20' title='bbox 1171 837 1337 902; x_wconf 82' lang='lat' dir='ltr'>amnem</span> <span class='ocrx_word' id='word_1_21' title='bbox 1389 802 1617 903; x_wconf 90' lang='lat' dir='ltr'>Brettium</span> <span class='ocrx_word' id='word_1_22' title='bbox 1646 801 1783 936; x_wconf 72' lang='lat' dir='ltr'>habel.</span> <span class='ocrx_word' id='word_1_23' title='bbox 1823 887 1833 904; x_wconf 79' lang='grc'><em>,</em></span> 
     </span>
    </p>
   </div>
   <div class='ocr_carea' id='block_1_3' title="bbox 153 943 700 1068">
    <p class='ocr_par' dir='ltr' id='par_1_3' title="bbox 153 943 700 1068">
     <span class='ocr_line' id='line_1_5' title="bbox 153 943 700 1068; baseline -0.009 -22"><span class='ocrx_word' id='word_1_24' title='bbox 153 975 157 982; x_wconf 87' lang='grc'><strong><em>·</em></strong></span> <span class='ocrx_word' id='word_1_25' title='bbox 216 963 233 992; x_wconf 76' lang='grc'>”</span> <span class='ocrx_word' id='word_1_26' title='bbox 358 945 481 1068; x_wconf 83' lang='lat' dir='ltr'>Urbs</span> <span class='ocrx_word' id='word_1_27' title='bbox 500 943 700 1046; x_wconf 91' lang='lat' dir='ltr'>Brettus.</span> 
     </span>
    </p>
   </div>
   <div class='ocr_carea' id='block_1_4' title="bbox 138 1209 1903 1890">
    <p class='ocr_par' dir='ltr' id='par_1_4' title="bbox 138 1209 1786 1640">
     <span class='ocr_line' id='line_1_6' title="bbox 417 1209 1781 1328; baseline -0.004 -26"><span class='ocrx_word' id='word_1_28' title='bbox 417 1215 607 1328; x_wconf 87' lang='lat' dir='ltr'>steaquam</span> <span class='ocrx_word' id='word_1_29' title='bbox 625 1209 860 1304; x_wconf 82' lang='lat' dir='ltr'>ostendimus</span> <span class='ocrx_word' id='word_1_30' title='bbox 880 1241 931 1300; x_wconf 82' lang='lat' dir='ltr'>ex</span> <span class='ocrx_word' id='word_1_31' title='bbox 946 1214 1127 1302; x_wconf 90' lang='lat' dir='ltr'>locorum</span> <span class='ocrx_word' id='word_1_32' title='bbox 1152 1209 1379 1301; x_wconf 85' lang='lat' dir='ltr'>nominibus</span> <span class='ocrx_word' id='word_1_33' title='bbox 1400 1211 1552 1322; x_wconf 84' lang='lat' dir='ltr'>aliisque</span> <span class='ocrx_word' id='word_1_34' title='bbox 1576 1237 1616 1294; x_wconf 89' lang='lat' dir='ltr'>ar</span> <span class='ocrx_word' id='word_1_35' title='bbox 1712 1235 1781 1298; x_wconf 86' lang='lat' dir='ltr'>en·</span> 
     </span>
     <span class='ocr_line' id='line_1_7' title="bbox 401 1322 1786 1441; baseline -0.005 -25"><span class='ocrx_word' id='word_1_36' title='bbox 401 1329 474 1431; x_wconf 82' lang='lat' dir='ltr'>tis,</span> <span class='ocrx_word' id='word_1_37' title='bbox 504 1329 715 1416; x_wconf 78' lang='lat' dir='ltr'>Britannos</span> <span class='ocrx_word' id='word_1_38' title='bbox 731 1328 879 1441; x_wconf 83' lang='lat' dir='ltr'>aliquot</span> <span class='ocrx_word' id='word_1_39' title='bbox 901 1349 1010 1414; x_wconf 84' lang='lat' dir='ltr'>extra</span> <span class='ocrx_word' id='word_1_40' title='bbox 1029 1329 1191 1420; x_wconf 81' lang='lat' dir='ltr'>Insulam</span> <span class='ocrx_word' id='word_1_41' title='bbox 1221 1344 1340 1441; x_wconf 88' lang='lat' dir='ltr'>atque</span> <span class='ocrx_word' id='word_1_42' title='bbox 1353 1325 1559 1412; x_wconf 88' lang='lat' dir='ltr'>Oceanum</span> <span class='ocrx_word' id='word_1_43' title='bbox 1582 1323 1623 1407; x_wconf 91' lang='lat' dir='ltr'>in</span> <span class='ocrx_word' id='word_1_44' title='bbox 1654 1322 1786 1409; x_wconf 88' lang='lat' dir='ltr'>abitas·</span> 
     </span>
     <span class='ocr_line' id='line_1_8' title="bbox 138 1437 1786 1640; baseline -0.001 -119"><span class='ocrx_word' id='word_1_45' title='bbox 138 1513 145 1521; x_wconf 91' lang='lat'>.</span> <span class='ocrx_word' id='word_1_46' title='bbox 184 1525 188 1534; x_wconf 69' lang='grc'><strong><em>,</em></strong></span> <span class='ocrx_word' id='word_1_47' title='bbox 226 1547 232 1558; x_wconf 30' lang='grc' dir='ltr'><em>Ι</em></span> <span class='ocrx_word' id='word_1_48' title='bbox 279 1443 319 1529; x_wconf 90' lang='lat' dir='ltr'>se</span> <span class='ocrx_word' id='word_1_49' title='bbox 336 1445 543 1640; x_wconf 67' lang='lat' dir='ltr'>regiones,</span> <span class='ocrx_word' id='word_1_50' title='bbox 557 1511 560 1516; x_wconf 91' lang='lat'>.</span> <span class='ocrx_word' id='word_1_51' title='bbox 574 1443 784 1544; x_wconf 86' lang='lat' dir='ltr'>convenit,</span> <span class='ocrx_word' id='word_1_52' title='bbox 813 1461 857 1528; x_wconf 92' lang='lat' dir='ltr'>ut</span> <span class='ocrx_word' id='word_1_53' title='bbox 876 1437 1109 1544; x_wconf 85' lang='lat' dir='ltr'>doceamus,</span> <span class='ocrx_word' id='word_1_54' title='bbox 1130 1441 1406 1555; x_wconf 74' lang='lat' dir='ltr'>migrationem</span> <span class='ocrx_word' id='word_1_55' title='bbox 1422 1438 1525 1524; x_wconf 90' lang='lat' dir='ltr'>hanc</span> <span class='ocrx_word' id='word_1_56' title='bbox 1542 1438 1583 1521; x_wconf 92' lang='lat' dir='ltr'>in</span> <span class='ocrx_word' id='word_1_57' title='bbox 1601 1439 1690 1521; x_wconf 88' lang='lat' dir='ltr'>alias</span> <span class='ocrx_word' id='word_1_58' title='bbox 1709 1457 1786 1553; x_wconf 85' lang='lat' dir='ltr'>ter-</span> 
     </span>
    </p>

    <p class='ocr_par' dir='ltr' id='par_1_5' title="bbox 278 1550 1903 1890">
     <span class='ocr_line' id='line_1_9' title="bbox 278 1550 1785 1662; baseline -0.005 -20"><span class='ocrx_word' id='word_1_59' title='bbox 278 1584 375 1652; x_wconf 85' lang='lat' dir='ltr'>tasa</span> <span class='ocrx_word' id='word_1_60' title='bbox 420 1583 557 1642; x_wconf 89' lang='lat' dir='ltr'>eorum</span> <span class='ocrx_word' id='word_1_61' title='bbox 574 1552 758 1640; x_wconf 80' lang='lat' dir='ltr'>institutis</span> <span class='ocrx_word' id='word_1_62' title='bbox 773 1555 937 1641; x_wconf 89' lang='lat' dir='ltr'>alienam</span> <span class='ocrx_word' id='word_1_63' title='bbox 953 1581 1043 1639; x_wconf 93' lang='lat' dir='ltr'>non</span> <span class='ocrx_word' id='word_1_64' title='bbox 1060 1551 1177 1639; x_wconf 86' lang='lat' dir='ltr'>firilie.</span> <span class='ocrx_word' id='word_1_65' title='bbox 1237 1553 1295 1636; x_wconf 94' lang='lat' dir='ltr'>Ut</span> <span class='ocrx_word' id='word_1_66' title='bbox 1324 1572 1453 1636; x_wconf 87' lang='lat' dir='ltr'>tutem</span> <span class='ocrx_word' id='word_1_67' title='bbox 1472 1550 1608 1662; x_wconf 91' lang='lat' dir='ltr'>populi</span> <span class='ocrx_word' id='word_1_68' title='bbox 1630 1550 1785 1659; x_wconf 86' lang='lat' dir='ltr'>septen·</span> 
     </span>
     <span class='ocr_line' id='line_1_10' title="bbox 279 1661 1787 1768; baseline -0.006 -14"><span class='ocrx_word' id='word_1_69' title='bbox 279 1670 466 1754; x_wconf 80' lang='lat' dir='ltr'>trionales</span> <span class='ocrx_word' id='word_1_70' title='bbox 496 1695 633 1754; x_wconf 84' lang='lat' dir='ltr'>ornnes</span> <span class='ocrx_word' id='word_1_71' title='bbox 655 1663 735 1755; x_wconf 90' lang='lat' dir='ltr'>live</span> <span class='ocrx_word' id='word_1_72' title='bbox 760 1667 947 1752; x_wconf 85' lang='lat' dir='ltr'>intestinis</span> <span class='ocrx_word' id='word_1_73' title='bbox 978 1667 1022 1750; x_wconf 86' lang='lat'>&amp;</span> <span class='ocrx_word' id='word_1_74' title='bbox 1046 1664 1267 1752; x_wconf 86' lang='lat' dir='ltr'>domesticis</span> <span class='ocrx_word' id='word_1_75' title='bbox 1284 1661 1535 1750; x_wconf 80' lang='lat' dir='ltr'>seditionibus</span> <span class='ocrx_word' id='word_1_76' title='bbox 1552 1662 1787 1768; x_wconf 86' lang='lat' dir='ltr'>vicinorum·</span> 
     </span>
     <span class='ocr_line' id='line_1_11' title="bbox 281 1773 1903 1890; baseline -0.001 -27"><span class='ocrx_word' id='word_1_77' title='bbox 281 1807 358 1890; x_wconf 86' lang='lat' dir='ltr'>que</span> <span class='ocrx_word' id='word_1_78' title='bbox 379 1777 524 1885; x_wconf 77' lang='lat' dir='ltr'>injuriis</span> <span class='ocrx_word' id='word_1_79' title='bbox 542 1778 586 1864; x_wconf 72' lang='grc' dir='ltr'>ὄσ</span> <span class='ocrx_word' id='word_1_80' title='bbox 602 1781 713 1862; x_wconf 83' lang='lat' dir='ltr'>armis</span> <span class='ocrx_word' id='word_1_81' title='bbox 732 1777 874 1883; x_wconf 65' lang='lat' dir='ltr'>esebii,</span> <span class='ocrx_word' id='word_1_82' title='bbox 903 1773 982 1862; x_wconf 84' lang='lat' dir='ltr'>five</span> <span class='ocrx_word' id='word_1_83' title='bbox 1003 1773 1105 1862; x_wconf 74' lang='lat' dir='ltr'>sime</span> <span class='ocrx_word' id='word_1_84' title='bbox 1123 1776 1168 1862; x_wconf 68' lang='grc' dir='ltr'>δι</span> <span class='ocrx_word' id='word_1_85' title='bbox 1185 1801 1314 1858; x_wconf 88' lang='lat' dir='ltr'>rerum</span> <span class='ocrx_word' id='word_1_86' title='bbox 1339 1776 1501 1884; x_wconf 88' lang='lat' dir='ltr'>inopia,</span> <span class='ocrx_word' id='word_1_87' title='bbox 1532 1797 1597 1860; x_wconf 89' lang='lat' dir='ltr'>aut</span> <span class='ocrx_word' id='word_1_88' title='bbox 1613 1797 1784 1888; x_wconf 82' lang='lat' dir='ltr'>urgente</span> <span class='ocrx_word' id='word_1_89' title='bbox 1895 1785 1903 1792; x_wconf 87' lang='grc'><em>“</em></span> 
     </span>
    </p>
   </div>
   <div class='ocr_carea' id='block_1_5' title="bbox 278 1883 2049 1998">
    <p class='ocr_par' dir='ltr' id='par_1_6' title="bbox 278 1883 2049 1998">
     <span class='ocr_line' id='line_1_12' title="bbox 278 1883 2049 1998; baseline -0.006 -16"><span class='ocrx_word' id='word_1_90' title='bbox 278 1887 531 1982; x_wconf 81' lang='lat' dir='ltr'>multitud&#39;me</span> <span class='ocrx_word' id='word_1_91' title='bbox 561 1885 772 1998; x_wconf 83' lang='lat' dir='ltr'>compulsi,</span> <span class='ocrx_word' id='word_1_92' title='bbox 802 1886 883 1972; x_wconf 88' lang='lat' dir='ltr'>live</span> <span class='ocrx_word' id='word_1_93' title='bbox 911 1883 1082 1974; x_wconf 85' lang='lat' dir='ltr'>melioris</span> <span class='ocrx_word' id='word_1_94' title='bbox 1106 1907 1231 1974; x_wconf 90' lang='lat' dir='ltr'>terrae</span> <span class='ocrx_word' id='word_1_95' title='bbox 1252 1883 1446 1973; x_wconf 83' lang='lat' dir='ltr'>desiderio</span> <span class='ocrx_word' id='word_1_96' title='bbox 1465 1887 1678 1987; x_wconf 79' lang='lat' dir='ltr'>commoti,</span> <span class='ocrx_word' id='word_1_97' title='bbox 1706 1885 1788 1972; x_wconf 78' lang='lat' dir='ltr'>five</span> <span class='ocrx_word' id='word_1_98' title='bbox 1904 1886 1908 1890; x_wconf 79' lang='grc'><strong>’</strong></span> <span class='ocrx_word' id='word_1_99' title='bbox 2045 1907 2049 1916; x_wconf 91' lang='grc'><strong><em>·</em></strong></span> 
     </span>
    </p>
   </div>
   <div class='ocr_carea' id='block_1_6' title="bbox 277 1996 1788 2468">
    <p class='ocr_par' dir='ltr' id='par_1_7' title="bbox 277 1996 1788 2468">
     <span class='ocr_line' id='line_1_13' title="bbox 279 1996 1781 2114; baseline -0.004 -26"><span class='ocrx_word' id='word_1_100' title='bbox 279 2000 444 2096; x_wconf 84' lang='lat' dir='ltr'>tandem</span> <span class='ocrx_word' id='word_1_101' title='bbox 477 2027 708 2114; x_wconf 90' lang='lat' dir='ltr'>quacunque</span> <span class='ocrx_word' id='word_1_102' title='bbox 736 1996 788 2086; x_wconf 88' lang='lat' dir='ltr'>de</span> <span class='ocrx_word' id='word_1_103' title='bbox 826 1999 977 2100; x_wconf 79' lang='lat' dir='ltr'>conisa,</span> <span class='ocrx_word' id='word_1_104' title='bbox 1012 1996 1105 2085; x_wconf 86' lang='lat' dir='ltr'>vide</span> <span class='ocrx_word' id='word_1_105' title='bbox 1139 1999 1376 2086; x_wconf 81' lang='lat' dir='ltr'>Strabonem</span> <span class='ocrx_word' id='word_1_106' title='bbox 1402 1998 1514 2084; x_wconf 81' lang='lat' dir='ltr'>libro&#39;</span> <span class='ocrx_word' id='word_1_107' title='bbox 1534 1999 1646 2083; x_wconf 94' lang='lat' dir='ltr'>Vll.</span> <span class='ocrx_word' id='word_1_108' title='bbox 1690 2027 1781 2111; x_wconf 90' lang='lat' dir='ltr'>pag.</span> 
     </span>
     <span class='ocr_line' id='line_1_14' title="bbox 279 2109 1785 2224; baseline -0.003 -22"><span class='ocrx_word' id='word_1_109' title='bbox 279 2140 376 2224; x_wconf 77' lang='lat'>291.</span> <span class='ocrx_word' id='word_1_110' title='bbox 425 2109 535 2200; x_wconf 87' lang='lat' dir='ltr'>sedes</span> <span class='ocrx_word' id='word_1_111' title='bbox 570 2115 651 2198; x_wconf 90' lang='lat' dir='ltr'>suaa</span> <span class='ocrx_word' id='word_1_112' title='bbox 700 2112 836 2200; x_wconf 88' lang='lat' dir='ltr'>crebro</span> <span class='ocrx_word' id='word_1_113' title='bbox 873 2133 1101 2221; x_wconf 80' lang='lat' dir='ltr'>mutarunt3</span> <span class='ocrx_word' id='word_1_114' title='bbox 1146 2113 1201 2196; x_wconf 92' lang='lat' dir='ltr'>ita</span> <span class='ocrx_word' id='word_1_115' title='bbox 1240 2111 1355 2196; x_wconf 91' lang='lat' dir='ltr'>etiam</span> <span class='ocrx_word' id='word_1_116' title='bbox 1404 2109 1632 2197; x_wconf 83' lang='lat' dir='ltr'>Britanniae</span> <span class='ocrx_word' id='word_1_117' title='bbox 1668 2113 1785 2197; x_wconf 85' lang='lat' dir='ltr'>lnco·</span> 
     </span>
     <span class='ocr_line' id='line_1_15' title="bbox 277 2221 1788 2314; baseline -0.004 0"><span class='ocrx_word' id='word_1_118' title='bbox 277 2231 338 2314; x_wconf 83' lang='lat' dir='ltr'>lae</span> <span class='ocrx_word' id='word_1_119' title='bbox 372 2223 480 2314; x_wconf 88' lang='lat' dir='ltr'>haud</span> <span class='ocrx_word' id='word_1_120' title='bbox 514 2253 603 2312; x_wconf 90' lang='lat' dir='ltr'>raro</span> <span class='ocrx_word' id='word_1_121' title='bbox 643 2223 775 2314; x_wconf 88' lang='lat' dir='ltr'>iisdem</span> <span class='ocrx_word' id='word_1_122' title='bbox 815 2225 959 2314; x_wconf 79' lang='lat' dir='ltr'>caussis</span> <span class='ocrx_word' id='word_1_123' title='bbox 991 2221 1117 2310; x_wconf 75' lang='lat' dir='ltr'>adasli</span> <span class='ocrx_word' id='word_1_124' title='bbox 1150 2251 1298 2310; x_wconf 85' lang='lat' dir='ltr'>novam</span> <span class='ocrx_word' id='word_1_125' title='bbox 1337 2223 1503 2309; x_wconf 84' lang='lat' dir='ltr'>Patriam</span> <span class='ocrx_word' id='word_1_126' title='bbox 1540 2244 1648 2308; x_wconf 85' lang='lat' dir='ltr'>extra</span> <span class='ocrx_word' id='word_1_127' title='bbox 1682 2225 1788 2308; x_wconf 91' lang='lat' dir='ltr'>Insu-</span> 
     </span>
     <span class='ocr_line' id='line_1_16' title="bbox 279 2331 1780 2468; baseline -0.005 -39"><span class='ocrx_word' id='word_1_128' title='bbox 279 2344 356 2430; x_wconf 85' lang='lat' dir='ltr'>lam</span> <span class='ocrx_word' id='word_1_129' title='bbox 385 2341 489 2468; x_wconf 82' lang='lat' dir='ltr'>suam</span> <span class='ocrx_word' id='word_1_130' title='bbox 516 2337 798 2450; x_wconf 70' lang='lat' dir='ltr'>quaesierunt„</span> <span class='ocrx_word' id='word_1_131' title='bbox 859 2336 1032 2430; x_wconf 85' lang='lat' dir='ltr'>Navibus</span> <span class='ocrx_word' id='word_1_132' title='bbox 1061 2334 1116 2421; x_wconf 84' lang='lat' dir='ltr'>usi</span> <span class='ocrx_word' id='word_1_133' title='bbox 1142 2337 1262 2435; x_wconf 86' lang='lat' dir='ltr'>sunt,</span> <span class='ocrx_word' id='word_1_134' title='bbox 1300 2331 1331 2420; x_wconf 89' lang='lat' dir='ltr'>li</span> <span class='ocrx_word' id='word_1_135' title='bbox 1358 2335 1462 2451; x_wconf 89' lang='lat' dir='ltr'>Julio</span> <span class='ocrx_word' id='word_1_136' title='bbox 1490 2338 1634 2422; x_wconf 90' lang='lat' dir='ltr'>Solino</span> <span class='ocrx_word' id='word_1_137' title='bbox 1656 2334 1780 2438; x_wconf 84' lang='lat' dir='ltr'>fides,</span> 
     </span>
    </p>
   </div>
   <div class='ocr_carea' id='block_1_7' title="bbox 106 2445 1783 2564">
    <p class='ocr_par' dir='ltr' id='par_1_8' title="bbox 106 2445 1783 2564">
     <span class='ocr_line' id='line_1_17' title="bbox 106 2445 1783 2564; baseline -0.004 -24"><span class='ocrx_word' id='word_1_138' title='bbox 106 2469 111 2479; x_wconf 89' lang='lat'><em>&#39;</em></span> <span class='ocrx_word' id='word_1_139' title='bbox 279 2481 334 2540; x_wconf 83' lang='lat' dir='ltr'>ex</span> <span class='ocrx_word' id='word_1_140' title='bbox 378 2451 593 2538; x_wconf 81' lang='lat' dir='ltr'>viminibus</span> <span class='ocrx_word' id='word_1_141' title='bbox 638 2452 682 2535; x_wconf 84' lang='lat'>&amp;</span> <span class='ocrx_word' id='word_1_142' title='bbox 732 2450 856 2536; x_wconf 89' lang='lat' dir='ltr'>boum</span> <span class='ocrx_word' id='word_1_143' title='bbox 902 2449 1122 2564; x_wconf 87' lang='lat' dir='ltr'>tergoribus</span> <span class='ocrx_word' id='word_1_144' title='bbox 1165 2445 1370 2533; x_wconf 78' lang='lat' dir='ltr'>confesiis.</span> <span class='ocrx_word' id='word_1_145' title='bbox 1403 2495 1407 2498; x_wconf 93' lang='lat'>·</span> <span class='ocrx_word' id='word_1_146' title='bbox 1442 2450 1508 2532; x_wconf 90' lang='lat' dir='ltr'>De</span> <span class='ocrx_word' id='word_1_147' title='bbox 1554 2451 1692 2556; x_wconf 90' lang='lat' dir='ltr'>quibus</span> <span class='ocrx_word' id='word_1_148' title='bbox 1737 2453 1783 2535; x_wconf 91' lang='lat' dir='ltr'>il·</span> 
     </span>
    </p>
   </div>
   <div class='ocr_carea' id='block_1_8' title="bbox 262 2561 1821 2903">
    <p class='ocr_par' dir='ltr' id='par_1_9' title="bbox 262 2561 1821 2903">
     <span class='ocr_line' id='line_1_18' title="bbox 280 2561 1786 2673; baseline -0.004 -21"><span class='ocrx_word' id='word_1_149' title='bbox 280 2567 319 2652; x_wconf 88' lang='lat' dir='ltr'>le</span> <span class='ocrx_word' id='word_1_150' title='bbox 342 2562 438 2649; x_wconf 84' lang='lat' dir='ltr'>haee</span> <span class='ocrx_word' id='word_1_151' title='bbox 454 2591 538 2673; x_wconf 81' lang='lat' dir='ltr'>cap.</span> <span class='ocrx_word' id='word_1_152' title='bbox 556 2561 717 2647; x_wconf 90' lang='lat' dir='ltr'>XXII.</span> <span class='ocrx_word' id='word_1_153' title='bbox 748 2563 960 2673; x_wconf 81' lang='lat' dir='ltr'>Navigant</span> <span class='ocrx_word' id='word_1_154' title='bbox 987 2575 1117 2648; x_wconf 81' lang='lat' dir='ltr'>autem</span> <span class='ocrx_word' id='word_1_155' title='bbox 1144 2565 1324 2647; x_wconf 81' lang='lat' dir='ltr'>vimineis</span> <span class='ocrx_word' id='word_1_156' title='bbox 1341 2563 1485 2661; x_wconf 84' lang='lat' dir='ltr'>alveis,</span> <span class='ocrx_word' id='word_1_157' title='bbox 1512 2585 1605 2673; x_wconf 84' lang='lat' dir='ltr'>qnos</span> <span class='ocrx_word' id='word_1_158' title='bbox 1622 2567 1786 2647; x_wconf 79' lang='lat' dir='ltr'>circum·</span> 
     </span>
     <span class='ocr_line' id='line_1_19' title="bbox 262 2672 1787 2786; baseline -0.004 -21"><span class='ocrx_word' id='word_1_159' title='bbox 262 2677 379 2764; x_wconf 83' lang='lat' dir='ltr'>&#39;dant</span> <span class='ocrx_word' id='word_1_160' title='bbox 399 2675 605 2762; x_wconf 84' lang='lat' dir='ltr'>ambitione</span> <span class='ocrx_word' id='word_1_161' title='bbox 633 2691 836 2786; x_wconf 83' lang='lat' dir='ltr'>tergorum</span> <span class='ocrx_word' id='word_1_162' title='bbox 865 2676 1105 2762; x_wconf 80' lang='lat' dir='ltr'>bubulorum.</span> <span class='ocrx_word' id='word_1_163' title='bbox 1164 2673 1323 2760; x_wconf 87' lang='lat' dir='ltr'>Solinus</span> <span class='ocrx_word' id='word_1_164' title='bbox 1357 2672 1491 2776; x_wconf 84' lang='lat' dir='ltr'>haec,</span> <span class='ocrx_word' id='word_1_165' title='bbox 1526 2691 1570 2755; x_wconf 90' lang='lat' dir='ltr'>ut</span> <span class='ocrx_word' id='word_1_166' title='bbox 1601 2677 1787 2784; x_wconf 83' lang='lat' dir='ltr'>pleraque</span> 
     </span>
     <span class='ocr_line' id='line_1_20' title="bbox 283 2781 1821 2903; baseline -0.008 -25"><span class='ocrx_word' id='word_1_167' title='bbox 283 2791 433 2901; x_wconf 90' lang='lat' dir='ltr'>accepit</span> <span class='ocrx_word' id='word_1_168' title='bbox 453 2817 475 2875; x_wconf 88' lang='lat' dir='ltr'>a</span> <span class='ocrx_word' id='word_1_169' title='bbox 495 2787 657 2892; x_wconf 83' lang='lat' dir='ltr'>Plinio,</span> <span class='ocrx_word' id='word_1_170' title='bbox 699 2790 766 2901; x_wconf 90' lang='lat' dir='ltr'>qui</span> <span class='ocrx_word' id='word_1_171' title='bbox 796 2787 896 2876; x_wconf 89' lang='lat' dir='ltr'>libro</span> <span class='ocrx_word' id='word_1_172' title='bbox 924 2790 1005 2903; x_wconf 73' lang='lat' dir='ltr'>IV.</span> <span class='ocrx_word' id='word_1_173' title='bbox 1034 2815 1120 2899; x_wconf 88' lang='lat' dir='ltr'>cap.</span> <span class='ocrx_word' id='word_1_174' title='bbox 1154 2791 1217 2874; x_wconf 86' lang='lat'>16.</span> <span class='ocrx_word' id='word_1_175' title='bbox 1254 2781 1334 2871; x_wconf 87' lang='lat' dir='ltr'>lide</span> <span class='ocrx_word' id='word_1_176' title='bbox 1358 2784 1519 2873; x_wconf 87' lang='lat' dir='ltr'>Timaei</span> <span class='ocrx_word' id='word_1_177' title='bbox 1538 2781 1680 2876; x_wconf 86' lang='lat' dir='ltr'>Graeci</span> <span class='ocrx_word' id='word_1_178' title='bbox 1711 2787 1783 2875; x_wconf 87' lang='lat' dir='ltr'>bo·</span> <span class='ocrx_word' id='word_1_179' title='bbox 1813 2850 1821 2865; x_wconf 90' lang='lat'>.</span> 
     </span>
    </p>
   </div>
   <div class='ocr_carea' id='block_1_9' title="bbox 283 2898 1787 3093">
    <p class='ocr_par' dir='ltr' id='par_1_10' title="bbox 283 2898 1787 3093">
     <span class='ocr_line' id='line_1_21' title="bbox 283 2898 1787 3093; baseline -0.003 -104"><span class='ocrx_word' id='word_1_180' title='bbox 283 2902 468 2989; x_wconf 86' lang='lat' dir='ltr'>minis&amp;</span> <span class='ocrx_word' id='word_1_181' title='bbox 495 2928 626 2983; x_wconf 86' lang='lat' dir='ltr'>rerum</span> <span class='ocrx_word' id='word_1_182' title='bbox 655 2900 964 2999; x_wconf 84' lang='lat' dir='ltr'>Britannicarum</span> <span class='ocrx_word' id='word_1_183' title='bbox 993 2898 1269 3028; x_wconf 84' lang='lat' dir='ltr'>parumgnari</span> <span class='ocrx_word' id='word_1_184' title='bbox 1301 2898 1429 2985; x_wconf 79' lang='lat' dir='ltr'>refert</span> <span class='ocrx_word' id='word_1_185' title='bbox 1486 2898 1628 3093; x_wconf 65' lang='lat' dir='ltr'>Nepue</span> <span class='ocrx_word' id='word_1_186' title='bbox 1652 2920 1787 2994; x_wconf 84' lang='lat' dir='ltr'>tamen</span> 
     </span>
    </p>
   </div>
   <div class='ocr_carea' id='block_1_10' title="bbox 284 3007 1830 3124">
    <p class='ocr_par' dir='ltr' id='par_1_11' title="bbox 284 3007 1830 3124">
     <span class='ocr_line' id='line_1_22' title="bbox 284 3007 1830 3124; baseline -0.001 -26"><span class='ocrx_word' id='word_1_187' title='bbox 284 3011 428 3097; x_wconf 78' lang='lat' dir='ltr'>Plinius</span> <span class='ocrx_word' id='word_1_188' title='bbox 455 3036 595 3095; x_wconf 86' lang='lat' dir='ltr'>omnes</span> <span class='ocrx_word' id='word_1_189' title='bbox 611 3008 823 3096; x_wconf 76' lang='lat' dir='ltr'>Britannos</span> <span class='ocrx_word' id='word_1_190' title='bbox 849 3012 1033 3118; x_wconf 78' lang='lat' dir='ltr'>ejusmodi</span> <span class='ocrx_word' id='word_1_191' title='bbox 1055 3012 1225 3124; x_wconf 81' lang='lat' dir='ltr'>navigiis</span> <span class='ocrx_word' id='word_1_192' title='bbox 1256 3010 1343 3094; x_wconf 87' lang='lat' dir='ltr'>usos</span> <span class='ocrx_word' id='word_1_193' title='bbox 1365 3007 1486 3109; x_wconf 76' lang='lat' dir='ltr'>dicit,</span> <span class='ocrx_word' id='word_1_194' title='bbox 1513 3011 1550 3093; x_wconf 87' lang='lat' dir='ltr'>se</span> <span class='ocrx_word' id='word_1_195' title='bbox 1610 3038 1678 3095; x_wconf 83' lang='lat' dir='ltr'>eoa</span> <span class='ocrx_word' id='word_1_196' title='bbox 1696 3032 1783 3099; x_wconf 89' lang='lat' dir='ltr'>tan-</span> <span class='ocrx_word' id='word_1_197' title='bbox 1820 3017 1830 3044; x_wconf 59' lang='lat'>‘</span> 
     </span>
    </p>
   </div>
   <div class='ocr_carea' id='block_1_11' title="bbox 286 3118 1784 3232">
    <p class='ocr_par' dir='ltr' id='par_1_12' title="bbox 286 3118 1784 3232">
     <span class='ocr_line' id='line_1_23' title="bbox 286 3118 1784 3232; baseline -0.002 -21"><span class='ocrx_word' id='word_1_198' title='bbox 286 3146 372 3212; x_wconf 83' lang='lat' dir='ltr'>nrm</span> <span class='ocrx_word' id='word_1_199' title='bbox 399 3142 622 3229; x_wconf 78' lang='lat' dir='ltr'>memorat,¹</span> <span class='ocrx_word' id='word_1_200' title='bbox 648 3120 717 3231; x_wconf 87' lang='lat' dir='ltr'>qui</span> <span class='ocrx_word' id='word_1_201' title='bbox 743 3118 902 3207; x_wconf 77' lang='lat' dir='ltr'>Misiim</span> <span class='ocrx_word' id='word_1_202' title='bbox 931 3124 1091 3209; x_wconf 87' lang='lat' dir='ltr'>insulam</span> <span class='ocrx_word' id='word_1_203' title='bbox 1116 3120 1315 3230; x_wconf 87' lang='lat' dir='ltr'>petebant.</span> <span class='ocrx_word' id='word_1_204' title='bbox 1378 3122 1592 3221; x_wconf 83' lang='lat' dir='ltr'>Timaeus,</span> <span class='ocrx_word' id='word_1_205' title='bbox 1627 3122 1784 3232; x_wconf 89' lang='lat' dir='ltr'>inquit,</span> 
     </span>
    </p>
   </div>
   <div class='ocr_carea' id='block_1_12' title="bbox 282 3232 2012 3359">
    <p class='ocr_par' dir='ltr' id='par_1_13' title="bbox 282 3232 2012 3359">
     <span class='ocr_line' id='line_1_24' title="bbox 282 3232 2012 3359; baseline 0.017 -58"><span class='ocrx_word' id='word_1_206' title='bbox 282 3234 505 3345; x_wconf 70' lang='lat' dir='ltr'>ffistmcus</span> <span class='ocrx_word' id='word_1_207' title='bbox 525 3235 787 3320; x_wconf 80' lang='lat' dir='ltr'>aBritannia</span> <span class='ocrx_word' id='word_1_208' title='bbox 805 3233 999 3343; x_wconf 83' lang='lat' dir='ltr'>introrsus</span> <span class='ocrx_word' id='word_1_209' title='bbox 1007 3234 1083 3342; x_wconf 85' lang='lat' dir='ltr'>sex</span> <span class='ocrx_word' id='word_1_210' title='bbox 1102 3235 1254 3319; x_wconf 82' lang='lat' dir='ltr'>dierum</span> <span class='ocrx_word' id='word_1_211' title='bbox 1276 3238 1527 3343; x_wconf 78' lang='lat' dir='ltr'>navigatione</span> <span class='ocrx_word' id='word_1_212' title='bbox 1550 3232 1669 3346; x_wconf 60' lang='lat' dir='ltr'>aiffa</span> <span class='ocrx_word' id='word_1_213' title='bbox 1691 3238 1785 3323; x_wconf 83' lang='lat' dir='ltr'>dicit</span> <span class='ocrx_word' id='word_1_214' title='bbox 1821 3251 1826 3257; x_wconf 81' lang='grc'>’</span> <span class='ocrx_word' id='word_1_215' title='bbox 1942 3268 1947 3274; x_wconf 89' lang='grc'>·</span> <span class='ocrx_word' id='word_1_216' title='bbox 2006 3348 2012 3359; x_wconf 22' lang='grc' dir='ltr'>ι</span> 
     </span>
    </p>
   </div>
   <div class='ocr_carea' id='block_1_13' title="bbox 261 3343 1868 4035">
    <p class='ocr_par' dir='ltr' id='par_1_14' title="bbox 261 3343 1868 4035">
     <span class='ocr_line' id='line_1_25' title="bbox 285 3343 1813 3460; baseline -0.001 -23"><span class='ocrx_word' id='word_1_217' title='bbox 285 3347 444 3457; x_wconf 78' lang='lat' dir='ltr'>infidam</span> <span class='ocrx_word' id='word_1_218' title='bbox 475 3343 665 3446; x_wconf 75' lang='lat' dir='ltr'>Missim&#39;,</span> <span class='ocrx_word' id='word_1_219' title='bbox 703 3350 746 3431; x_wconf 90' lang='lat' dir='ltr'>in</span> <span class='ocrx_word' id='word_1_220' title='bbox 771 3373 850 3460; x_wconf 82' lang='lat' dir='ltr'>qua</span> <span class='ocrx_word' id='word_1_221' title='bbox 869 3348 1071 3433; x_wconf 84' lang='lat' dir='ltr'>candidum</span> <span class='ocrx_word' id='word_1_222' title='bbox 1102 3347 1307 3432; x_wconf 73' lang='lat' dir='ltr'>Plumbaria</span> <span class='ocrx_word' id='word_1_223' title='bbox 1321 3350 1545 3459; x_wconf 80' lang='lat' dir='ltr'>proueniat.</span> <span class='ocrx_word' id='word_1_224' title='bbox 1603 3348 1676 3433; x_wconf 85' lang='lat' dir='ltr'>Ad</span> <span class='ocrx_word' id='word_1_225' title='bbox 1699 3346 1813 3435; x_wconf 78' lang='lat' dir='ltr'>aam&#39;</span> 
     </span>
     <span class='ocr_line' id='line_1_26' title="bbox 285 3458 1787 3571; baseline -0.001 -21"><span class='ocrx_word' id='word_1_226' title='bbox 285 3466 505 3551; x_wconf 82' lang='lat' dir='ltr'>Britannos</span> <span class='ocrx_word' id='word_1_227' title='bbox 518 3458 696 3545; x_wconf 78' lang='lat' dir='ltr'>vitilibus</span> <span class='ocrx_word' id='word_1_228' title='bbox 713 3464 885 3570; x_wconf 62' lang='lat' dir='ltr'>nauigiis</span> <span class='ocrx_word' id='word_1_229' title='bbox 902 3465 1005 3546; x_wconf 88' lang='lat' dir='ltr'>corio</span> <span class='ocrx_word' id='word_1_230' title='bbox 1020 3462 1258 3571; x_wconf 73' lang='lat' dir='ltr'>circumsutis</span> <span class='ocrx_word' id='word_1_231' title='bbox 1273 3464 1478 3570; x_wconf 72' lang='lat' dir='ltr'>naur&#39;gare.</span> <span class='ocrx_word' id='word_1_232' title='bbox 1524 3460 1787 3548; x_wconf 83' lang='lat' dir='ltr'>Existimarim</span> 
     </span>
     <span class='ocr_line' id='line_1_27' title="bbox 261 3568 1782 3679; baseline 0 -18"><span class='ocrx_word' id='word_1_233' title='bbox 261 3674 262 3677; x_wconf 7' lang='lat' dir='ltr'>p</span> <span class='ocrx_word' id='word_1_234' title='bbox 285 3594 450 3675; x_wconf 76' lang='lat' dir='ltr'>autem‚&#39;</span> <span class='ocrx_word' id='word_1_235' title='bbox 471 3570 709 3659; x_wconf 80' lang='lat' dir='ltr'>firnrioribus</span> <span class='ocrx_word' id='word_1_236' title='bbox 730 3574 897 3659; x_wconf 86' lang='lat' dir='ltr'>navibus</span> <span class='ocrx_word' id='word_1_237' title='bbox 917 3602 986 3659; x_wconf 86' lang='lat' dir='ltr'>eos</span> <span class='ocrx_word' id='word_1_238' title='bbox 999 3574 1047 3658; x_wconf 83' lang='lat' dir='ltr'>in</span> <span class='ocrx_word' id='word_1_239' title='bbox 1071 3571 1235 3659; x_wconf 91' lang='lat' dir='ltr'>Galliam</span> <span class='ocrx_word' id='word_1_240' title='bbox 1257 3568 1572 3658; x_wconf 87' lang='lat' dir='ltr'>&amp;Germaniam</span> <span class='ocrx_word' id='word_1_241' title='bbox 1591 3572 1782 3679; x_wconf 82' lang='lat' dir='ltr'>trajecisse.</span> 
     </span>
     <span class='ocr_line' id='line_1_28' title="bbox 285 3684 1783 3801; baseline -0.001 -26"><span class='ocrx_word' id='word_1_242' title='bbox 285 3688 388 3775; x_wconf 90' lang='lat' dir='ltr'>-Non</span> <span class='ocrx_word' id='word_1_243' title='bbox 405 3714 542 3801; x_wconf 83' lang='lat' dir='ltr'>nego,</span> <span class='ocrx_word' id='word_1_244' title='bbox 555 3686 603 3773; x_wconf 87' lang='lat' dir='ltr'>ab</span> <span class='ocrx_word' id='word_1_245' title='bbox 624 3685 670 3769; x_wconf 88' lang='lat' dir='ltr'>iis</span> <span class='ocrx_word' id='word_1_246' title='bbox 684 3688 750 3795; x_wconf 90' lang='lat' dir='ltr'>qui</span> <span class='ocrx_word' id='word_1_247' title='bbox 768 3684 1045 3773; x_wconf 81' lang='lat' dir='ltr'>Britannorum</span> <span class='ocrx_word' id='word_1_248' title='bbox 1064 3714 1127 3773; x_wconf 88' lang='lat' dir='ltr'>res</span> <span class='ocrx_word' id='word_1_249' title='bbox 1144 3688 1346 3795; x_wconf 84' lang='lat' dir='ltr'>moresque</span> <span class='ocrx_word' id='word_1_250' title='bbox 1362 3687 1511 3794; x_wconf 84' lang='lat' dir='ltr'>scriptis</span> <span class='ocrx_word' id='word_1_251' title='bbox 1527 3684 1783 3788; x_wconf 86' lang='lat' dir='ltr'>mandarunt,</span> 
     </span>
     <span class='ocr_line' id='line_1_29' title="bbox 286 3798 1784 3915; baseline -0.001 -30"><span class='ocrx_word' id='word_1_252' title='bbox 286 3800 504 3915; x_wconf 87' lang='lat' dir='ltr'>primasque</span> <span class='ocrx_word' id='word_1_253' title='bbox 524 3806 602 3903; x_wconf 83' lang='lat' dir='ltr'>ejus</span> <span class='ocrx_word' id='word_1_254' title='bbox 623 3798 768 3885; x_wconf 84' lang='lat' dir='ltr'>Insulae</span> <span class='ocrx_word' id='word_1_255' title='bbox 793 3799 985 3913; x_wconf 87' lang='lat' dir='ltr'>Origines</span> <span class='ocrx_word' id='word_1_256' title='bbox 1011 3800 1099 3885; x_wconf 92' lang='lat' dir='ltr'>sunt</span> <span class='ocrx_word' id='word_1_257' title='bbox 1122 3798 1367 3911; x_wconf 83' lang='lat' dir='ltr'>perscrutati,</span> <span class='ocrx_word' id='word_1_258' title='bbox 1395 3802 1526 3907; x_wconf 88' lang='lat' dir='ltr'>plures</span> <span class='ocrx_word' id='word_1_259' title='bbox 1551 3808 1784 3901; x_wconf 87' lang='lat' dir='ltr'>memorari,</span> 
     </span>
     <span class='ocr_line' id='line_1_30' title="bbox 290 3910 1868 4035; baseline 0.001 -38"><span class='ocrx_word' id='word_1_260' title='bbox 290 3913 426 4023; x_wconf 88' lang='lat' dir='ltr'>quiex</span> <span class='ocrx_word' id='word_1_261' title='bbox 446 3910 587 3995; x_wconf 86' lang='lat' dir='ltr'>vicinis</span> <span class='ocrx_word' id='word_1_262' title='bbox 605 3910 760 4035; x_wconf 86' lang='lat' dir='ltr'>populis</span> <span class='ocrx_word' id='word_1_263' title='bbox 782 3932 896 4025; x_wconf 90' lang='lat' dir='ltr'>atque</span> <span class='ocrx_word' id='word_1_264' title='bbox 914 3940 936 3997; x_wconf 90' lang='lat' dir='ltr'>e</span> <span class='ocrx_word' id='word_1_265' title='bbox 955 3912 1189 4001; x_wconf 84' lang='lat' dir='ltr'>continente</span> <span class='ocrx_word' id='word_1_266' title='bbox 1210 3912 1255 3997; x_wconf 88' lang='lat' dir='ltr'>in</span> <span class='ocrx_word' id='word_1_267' title='bbox 1274 3940 1362 3998; x_wconf 89' lang='lat' dir='ltr'>eam</span> <span class='ocrx_word' id='word_1_268' title='bbox 1379 3911 1541 3995; x_wconf 85' lang='lat' dir='ltr'>Insulam</span> <span class='ocrx_word' id='word_1_269' title='bbox 1554 3911 1785 4029; x_wconf 88' lang='lat' dir='ltr'>commigra·</span> <span class='ocrx_word' id='word_1_270' title='bbox 1864 3992 1868 3999; x_wconf 89' lang='lat'>.</span> 
     </span>
    </p>
   </div>
   <div class='ocr_carea' id='block_1_14' title="bbox 151 4021 1781 4133">
    <p class='ocr_par' dir='ltr' id='par_1_15' title="bbox 151 4021 1781 4133">
     <span class='ocr_line' id='line_1_31' title="bbox 151 4021 1781 4133; baseline -0.002 -20"><span class='ocrx_word' id='word_1_271' title='bbox 151 4088 155 4095; x_wconf 73' lang='lat'><em>,</em></span> <span class='ocrx_word' id='word_1_272' title='bbox 286 4044 402 4124; x_wconf 81' lang='lat' dir='ltr'>runt,</span> <span class='ocrx_word' id='word_1_273' title='bbox 432 4050 546 4131; x_wconf 88' lang='lat' dir='ltr'>quam</span> <span class='ocrx_word' id='word_1_274' title='bbox 570 4050 635 4133; x_wconf 86' lang='lat' dir='ltr'>qut</span> <span class='ocrx_word' id='word_1_275' title='bbox 661 4021 757 4109; x_wconf 87' lang='lat' dir='ltr'>inde</span> <span class='ocrx_word' id='word_1_276' title='bbox 784 4025 1127 4113; x_wconf 87' lang='lat' dir='ltr'>incontinentem</span> <span class='ocrx_word' id='word_1_277' title='bbox 1159 4033 1401 4131; x_wconf 83' lang='lat' dir='ltr'>trajecerunt.</span> <span class='ocrx_word' id='word_1_278' title='bbox 1458 4021 1611 4109; x_wconf 85' lang='lat' dir='ltr'>Sed&amp;</span> <span class='ocrx_word' id='word_1_279' title='bbox 1637 4052 1781 4127; x_wconf 86' lang='lat' dir='ltr'>nemo,</span> 
     </span>
    </p>
   </div>
   <div class='ocr_carea' id='block_1_15' title="bbox 284 4132 1785 4925">
    <p class='ocr_par' dir='ltr' id='par_1_16' title="bbox 284 4132 1783 4811">
     <span class='ocr_line' id='line_1_32' title="bbox 286 4132 1782 4255; baseline -0.001 -30"><span class='ocrx_word' id='word_1_280' title='bbox 286 4158 330 4225; x_wconf 88' lang='lat' dir='ltr'>ut</span> <span class='ocrx_word' id='word_1_281' title='bbox 345 4154 442 4246; x_wconf 88' lang='lat' dir='ltr'>puto</span> <span class='ocrx_word' id='word_1_282' title='bbox 454 4146 469 4236; x_wconf 88' lang='lat'>‚&#39;</span> <span class='ocrx_word' id='word_1_283' title='bbox 498 4135 569 4223; x_wconf 91' lang='lat' dir='ltr'>ibit</span> <span class='ocrx_word' id='word_1_284' title='bbox 588 4132 767 4237; x_wconf 79' lang='lat' dir='ltr'>inficias,</span> <span class='ocrx_word' id='word_1_285' title='bbox 796 4166 886 4225; x_wconf 91' lang='lat' dir='ltr'>cum</span> <span class='ocrx_word' id='word_1_286' title='bbox 914 4160 1007 4225; x_wconf 89' lang='lat' dir='ltr'>aute</span> <span class='ocrx_word' id='word_1_287' title='bbox 1024 4138 1170 4255; x_wconf 88' lang='lat' dir='ltr'>Julium</span> <span class='ocrx_word' id='word_1_288' title='bbox 1191 4140 1393 4224; x_wconf 88' lang='lat' dir='ltr'>Caesarem</span> <span class='ocrx_word' id='word_1_289' title='bbox 1422 4136 1563 4249; x_wconf 86' lang='lat' dir='ltr'>ignota</span> <span class='ocrx_word' id='word_1_290' title='bbox 1591 4136 1782 4224; x_wconf 87' lang='lat' dir='ltr'>Romanis</span> 
     </span>
     <span class='ocr_line' id='line_1_33' title="bbox 284 4244 1783 4363; baseline 0.001 -26"><span class='ocrx_word' id='word_1_291' title='bbox 284 4250 448 4337; x_wconf 80' lang='lat' dir='ltr'>instalaa</span> <span class='ocrx_word' id='word_1_292' title='bbox 474 4244 641 4335; x_wconf 90' lang='lat' dir='ltr'>Claudio</span> <span class='ocrx_word' id='word_1_293' title='bbox 665 4250 901 4359; x_wconf 80' lang='lat' dir='ltr'>Imperatore</span> <span class='ocrx_word' id='word_1_294' title='bbox 927 4272 1080 4359; x_wconf 87' lang='lat' dir='ltr'>aperta,</span> <span class='ocrx_word' id='word_1_295' title='bbox 1108 4278 1130 4333; x_wconf 92' lang='lat' dir='ltr'>a</span> <span class='ocrx_word' id='word_1_296' title='bbox 1151 4248 1257 4363; x_wconf 85' lang='lat' dir='ltr'>Julio</span> <span class='ocrx_word' id='word_1_297' title='bbox 1281 4250 1470 4363; x_wconf 87' lang='lat' dir='ltr'>Agricola</span> <span class='ocrx_word' id='word_1_298' title='bbox 1498 4249 1669 4358; x_wconf 87' lang='lat' dir='ltr'>auspiciis</span> <span class='ocrx_word' id='word_1_299' title='bbox 1694 4252 1783 4337; x_wconf 92' lang='lat' dir='ltr'>Do·</span> 
     </span>
     <span class='ocr_line' id='line_1_34' title="bbox 288 4357 1781 4472; baseline 0.003 -25"><span class='ocrx_word' id='word_1_300' title='bbox 288 4360 474 4463; x_wconf 74' lang='lat' dir='ltr'>maiani,</span> <span class='ocrx_word' id='word_1_301' title='bbox 511 4360 555 4447; x_wconf 74' lang='grc' dir='ltr'>δι</span> <span class='ocrx_word' id='word_1_302' title='bbox 599 4388 621 4445; x_wconf 91' lang='lat' dir='ltr'>a</span> <span class='ocrx_word' id='word_1_303' title='bbox 656 4362 848 4471; x_wconf 89' lang='lat' dir='ltr'>Septimio</span> <span class='ocrx_word' id='word_1_304' title='bbox 884 4365 1032 4449; x_wconf 85' lang='lat' dir='ltr'>Severo</span> <span class='ocrx_word' id='word_1_305' title='bbox 1067 4360 1218 4449; x_wconf 89' lang='lat' dir='ltr'>domita</span> <span class='ocrx_word' id='word_1_306' title='bbox 1264 4357 1457 4462; x_wconf 88' lang='lat' dir='ltr'>demum,</span> <span class='ocrx_word' id='word_1_307' title='bbox 1494 4381 1697 4472; x_wconf 84' lang='lat' dir='ltr'>penetrata</span> <span class='ocrx_word' id='word_1_308' title='bbox 1736 4364 1781 4451; x_wconf 76' lang='grc' dir='ltr'>δι</span> 
     </span>
     <span class='ocr_line' id='line_1_35' title="bbox 286 4470 1779 4588; baseline 0.003 -30"><span class='ocrx_word' id='word_1_309' title='bbox 286 4476 438 4584; x_wconf 85' lang='lat' dir='ltr'>prorsus</span> <span class='ocrx_word' id='word_1_310' title='bbox 461 4472 667 4585; x_wconf 46' lang='lat' dir='ltr'>perspecta,</span> <span class='ocrx_word' id='word_1_311' title='bbox 685 4470 762 4575; x_wconf 85' lang='lat' dir='ltr'>lit,</span> <span class='ocrx_word' id='word_1_312' title='bbox 798 4474 1027 4583; x_wconf 70' lang='lat' dir='ltr'>conjecturs</span> <span class='ocrx_word' id='word_1_313' title='bbox 1064 4504 1110 4562; x_wconf 87' lang='lat' dir='ltr'>ea</span> <span class='ocrx_word' id='word_1_314' title='bbox 1136 4504 1180 4560; x_wconf 89' lang='lat' dir='ltr'>ac</span> <span class='ocrx_word' id='word_1_315' title='bbox 1214 4475 1484 4586; x_wconf 83' lang='lat' dir='ltr'>suspicionibus</span> <span class='ocrx_word' id='word_1_316' title='bbox 1513 4477 1622 4578; x_wconf 89' lang='lat' dir='ltr'>niti,</span> <span class='ocrx_word' id='word_1_317' title='bbox 1663 4506 1779 4588; x_wconf 85' lang='lat' dir='ltr'>quae·</span> 
     </span>
     <span class='ocr_line' id='line_1_36' title="bbox 289 4584 1782 4811; baseline 0.003 -144"><span class='ocrx_word' id='word_1_318' title='bbox 289 4611 465 4791; x_wconf 59' lang='lat' dir='ltr'>pppqupI</span> <span class='ocrx_word' id='word_1_319' title='bbox 480 4584 531 4671; x_wconf 87' lang='lat' dir='ltr'>de</span> <span class='ocrx_word' id='word_1_320' title='bbox 566 4586 681 4673; x_wconf 89' lang='lat' dir='ltr'>rebus</span> <span class='ocrx_word' id='word_1_321' title='bbox 714 4588 1013 4811; x_wconf 66' lang='lat' dir='ltr'>Britannorurpls</span> <span class='ocrx_word' id='word_1_322' title='bbox 1006 4609 1120 4789; x_wconf 88' lang='lat' dir='ltr'>daute</span> <span class='ocrx_word' id='word_1_323' title='bbox 1151 4588 1249 4714; x_wconf 77' lang='lat' dir='ltr'>haec</span> <span class='ocrx_word' id='word_1_324' title='bbox 1271 4610 1464 4786; x_wconf 66' lang='lat' dir='ltr'>⁸tempopp</span> <span class='ocrx_word' id='word_1_325' title='bbox 1495 4586 1614 4715; x_wconf 78' lang='lat' dir='ltr'>gestis</span> <span class='ocrx_word' id='word_1_326' title='bbox 1624 4700 1643 4785; x_wconf 67' lang='lat' dir='ltr'>I</span> <span class='ocrx_word' id='word_1_327' title='bbox 1644 4587 1782 4783; x_wconf 54' lang='lat' dir='ltr'>1{pipo</span> 
     </span>
    </p>

    <p class='ocr_par' dir='ltr' id='par_1_17' title="bbox 287 4724 1785 4925">
     <span class='ocr_line' id='line_1_37' title="bbox 355 4724 1779 4817; baseline -0.001 -32"><span class='ocrx_word' id='word_1_328' title='bbox 355 4761 366 4785; x_wconf 91' lang='lat'><strong>.</strong></span> <span class='ocrx_word' id='word_1_329' title='bbox 467 4724 650 4811; x_wconf 62' lang='lat' dir='ltr'>ameum</span> <span class='ocrx_word' id='word_1_330' title='bbox 682 4725 901 4817; x_wconf 83' lang='lat' dir='ltr'>acciperent</span> <span class='ocrx_word' id='word_1_331' title='bbox 932 4730 953 4789; x_wconf 91' lang='lat' dir='ltr'>e</span> <span class='ocrx_word' id='word_1_332' title='bbox 1035 4729 1098 4787; x_wconf 94' lang='lat' dir='ltr'>em</span> <span class='ocrx_word' id='word_1_333' title='bbox 1129 4728 1301 4791; x_wconf 80' lang='lat' dir='ltr'>nolarum</span> <span class='ocrx_word' id='word_1_334' title='bbox 1339 4727 1421 4813; x_wconf 88' lang='lat' dir='ltr'>pop</span> <span class='ocrx_word' id='word_1_335' title='bbox 1460 4728 1506 4788; x_wconf 85' lang='lat' dir='ltr'>os</span> <span class='ocrx_word' id='word_1_336' title='bbox 1544 4728 1588 4786; x_wconf 88' lang='lat' dir='ltr'>m</span> <span class='ocrx_word' id='word_1_337' title='bbox 1688 4729 1779 4802; x_wconf 86' lang='lat' dir='ltr'>ua,</span> 
     </span>
     <span class='ocr_line' id='line_1_38' title="bbox 287 4813 1785 4925; baseline 0.001 -25"><span class='ocrx_word' id='word_1_338' title='bbox 287 4872 291 4883; x_wconf 79' lang='lat'>.</span> <span class='ocrx_word' id='word_1_339' title='bbox 369 4860 374 4870; x_wconf 92' lang='lat'><em>·</em></span> <span class='ocrx_word' id='word_1_340' title='bbox 1044 4813 1087 4900; x_wconf 90' lang='lat' dir='ltr'>G</span> <span class='ocrx_word' id='word_1_341' title='bbox 1118 4840 1140 4925; x_wconf 80' lang='lat'>3</span> <span class='ocrx_word' id='word_1_342' title='bbox 1453 4844 1458 4849; x_wconf 88' lang='grc'><em>·</em></span> <span class='ocrx_word' id='word_1_343' title='bbox 1681 4838 1785 4922; x_wconf 84' lang='lat' dir='ltr'>quos</span> 
     </span>
    </p>
   </div>
   <div class='ocr_carea' id='block_1_16' title="bbox 0 0 2165 5650">
    <p class='ocr_par' dir='ltr' id='par_1_18' title="bbox 0 0 2165 5650">
     <span class='ocr_line' id='line_1_39' title="bbox 0 0 2165 5650; baseline 0 0"><span class='ocrx_word' id='word_1_344' title='bbox 0 0 2165 5650; x_wconf 95' lang='lat' dir='ltr'> </span> 
     </span>
    </p>
   </div>
  </div>
 </body>
</html>
