4292 5650
339 359 419 456 m
514 252 1673 438 nnnnrnrnunuaoo

343 517 549 623 nat,'sed.
565 516 689 607 modo
714 521 866 604 terrim
885 516 1048 649 Phari,
1087 516 1201 600 otio
1229 513 1401 602 Tiberio
1429 541 1519 627 sap·
1535 517 1758 606 LXXIV.
1791 457 1881 612 R„

345 649 723 768 antrpmaeosquaat
742 633 868 717 obiret
883 630 983 732 dies,
1012 647 1213 764 suauis
1232 627 1397 753 Pul-ur
1418 643 1550 716 term
1567 647 1672 718 motu
1692 631 1850 766 Capreis

346 745 529 971 Alli
548 742 807 968 ”lm
863 737 1385 967 Alilssilillll
1403 741 1850 946 „aillinart

334 991 598 1053 stannum
617 969 809 1068 Pnau,
838 981 885 1050 ut
909 961 1180 1065 adnm-uos
1208 968 1315 1073 ignes
1336 963 1488 1074 cursum
1512 967 1849 1077 melgiadirrgc-
1981 969 1986 974 ’

350 1095 454 1165 reat.
510 1099 629 1189 atque
660 1081 706 1164 in
722 1083 838 1179 loco,
867 1105 958 1188 quo.
972 1075 1028 1162 de
1054 1077 1205 1190 agimus
1227 1103 1270 1160 ca
1300 1077 1492 1164 ‚XLVL
1520 1077 1735 1194 altilianum
1757 1094 1849 1164 tur·
1889 1121 1894 1130 ·

350 1196 429 1276 rim
443 1194 662 1276 excernit.-
690 1215 741 1274 ex
756 1215 861 1302 qua,
888 1205 936 1273 ut
951 1213 1001 1274 ex
1016 1189 1180 1290 Pham,
1295 1189 1381 1276 ibus
1403 1186 1460 1278 ad
1480 1189 1662 1299 regendos
1685 1193 1847 1279 nauium

349 1304 482 1414 curfirs
499 1306 606 1412 igme
618 1309 839 1389 emicarent.
871 1302 965 1387 Hoc
987 1303 1124 1412 utique
1140 1301 1394 1415 intelligimus
1415 1327 1466 1386 ex
1486 1299 1759 1416 Geo'graphis‚
1771 1321 1850 1391 tur·

350 1443 440 1518 res,
469 1439 563 1523 quas
578 1414 812 1514 nominant,
838 1413 885 1500 ὰ
899 1439 992 1524 quas
1009 1413 1157 1500 Pharos
1175 1432 1375 1525 putamus,
1405 1409 1585 1501 adunare
1609 1411 1695 1500 fitas
1712 1411 1849 1512 luille,

351 1549 397 1612 ut
412 1529 457 1611 io
477 1523 684 1627 Sardinia,
712 1525 858 1638 Apulia
874 1527 1022 1635 aliisque
1038 1526 1146 1611 locis.
1202 1525 1473 1638 Hieronymus
1489 1528 1621 1614 Surita
1634 1525 1687 1614 ad·
1706 1551 1794 1724 ρῇ.
1807 1525 1848 1612 6.

1703 1665 1728 1724 u
1805 1655 1850 1722 ut

219 1712 225 1720 .
351 1637 543 1726 Itinerarii
559 1638 763 1724 Antonini
793 1659 914 1724 turres
948 1638 1015 1724 has
1041 1637 1257 1728 suburbana
1279 1635 1440 1746 praedia
1450 1639 1644 1747 exponit,
1675 1668 1702 1749 q

352 1750 406 1837 de
431 1751 630 1836 nonnullis
658 1775 802 1834 renim·
820 1749 1012 1847 arbitror,
1041 1744 1170 1834 ita-de
1198 1749 1384 1834 omnibus
1407 1747 1594 1838 affirmare
1617 1776 1702 1842 non
1722 1746 1850 1844 aulius.

351 1863 482 1949 Multo
501 1863 631 1946 minus
650 1857 835 1946 affirmare
856 1857 996 1959 ausim,
1012 1857 1124 1968 quod
1144 1859 1289 1948 lsaaou
1308 1859 1555 1952 Casauboous
1579 1862 1623 1944 in
1640 1863 1853 1948 Commen-

352 1976 459 2064 tariis
483 1971 532 2058 ad
560 1974 709 2101 julium
726 1973 995 2082 Capitolinum
1018 1971 1061 2054 in
1087 1971 1165 2057 vita
1182 1967 1384 2056 Antonini
1401 1969 1458 2056 Pii
1486 1967 1623 2072 tradit,
1653 1971 1745 2058 duas
1768 1992 1852 2088 tpn·

321 2119 332 2130 ·
354 2108 439 2175 tum
465 2084 578 2169 Phari
607 2104 730 2170 turres
754 2104 934 2194 tempore
961 2082 1073 2168 Plinii
1096 2079 1138 2168 in
1161 2081 1273 2168 ltalia
1300 2079 1436 2183 suillo,
1466 2083 1638 2170 Puteolis
1669 2085 1848 2187 alteram,

354 2203 510 2286 alteram
537 2198 778 2304 Ravennae,
803 2193 914 2305 quod
937 2193 1072 2281 harum
1096 2212 1248 2284 tanturn
1271 2195 1350 2303 ipse
1368 2195 1515 2282 Plinius
1544 2197 1725 2286 meminit
1750 2195 1851 2288 libro

353 2308 587 2396 XXXVI.
610 2336 694 2418 cap.
720 2334 780 2394 12.
809 2306 893 2394 Sed
911 2335 961 2392 an
978 2310 1086 2395 nula
1102 2333 1201 2420 ergo
1218 2304 1384 2409 Miseni,
1396 2305 1461 2392 ubi
1478 2305 1601 2398 elalius
1621 2304 1668 2400 ad
1689 2311 1850 2394 tutelam

353 2421 470 2510 maris
487 2418 606 2506 inferi
625 2419 699 2506 lint
712 2424 906 2508 collocata
925 2420 974 2510 ab
991 2418 1201 2547 Augusto?
1229 2417 1308 2510 An,
1320 2447 1405 2508 non
1421 2422 1462 2504 in
1486 2421 1569 2507 aliis
1588 2421 1850 2515 celeberrimis

353 2535 510 2634 Italiae,
538 2535 584 2619 δι
602 2535 795 2646 utriusque
814 2534 930 2618 maris
950 2533 1081 2642 supera
1096 2532 1152 2617 &1
1166 2529 1281 2620 inferi
1304 2532 1513 2641 portibus?
1551 2532 1674 2620 Anno
1696 2535 1852 2636 Caietae

355 2643 541 2757 quidem,
567 2644 739 2730 ubitam
760 2643 923 2731 restituit
947 2635 1151 2730 Antoniis
1174 2643 1296 2742 Pius,
1335 2663 1378 2729 ut
1400 2640 1499 2728 a'deo
1521 2643 1635 2729 Plinii
1658 2664 1782 2734 aetate
1808 2643 1851 2742 id

355 2757 413 2847 est
431 2756 498 2854 sub
514 2753 772 2867 Vespasiano,
796 2764 875 2864 jam
891 2752 997 2841 suille
1017 2751 1224 2843 videatur?
1254 2755 1339 2841 [mo
1353 2779 1456 2843 anne
1471 2753 1604 2843 Ostiae
1627 2751 1787 2867 quidem
1809 2758 1853 2841 in

359 2890 483 2985 portu
501 2867 642 2955 Pharus
657 2869 873 2979 praeluxit?
887 2864 1130 2985 Nogaudum
1145 2866 1221 2953 hoc
1242 2896 1292 2957 ex
1309 2868 1503 2959 sententia
1523 2868 1762 2968 Casauboni,
1791 2865 1855 2956 sed

358 2981 525 3071 affirmat
537 2982 757 3073 Suetonium
776 2982 819 3067 in
833 2978 1010 3072 Claudio,
1026 3009 1108 3091 cap.
1131 2980 1236 3070 XX.
1266 3000 1382 3091 atque
1402 2978 1736 3068 hauc'Ol'tiensem
1754 2981 1855 3078 Pha

357 3120 444 3181 rum
457 3122 509 3178 ex
524 3092 652 3179 verbis
666 3091 781 3183 Plinii
801 3092 986 3203 exsculpit
1000 3094 1144 3184 uncus
1161 3088 1556 3184 uoffiusadlrenm
1572 3092 1673 3178 libro
1695 3094 1749 3175 ll.
1771 3114 1855 3201 cap.
1917 3161 1925 3173 .

358 3206 388 3406 ἱ
387 3208 415 3289 l
423 3234 472 3403 ιι.Ι
478 3227 544 3404 ff
573 3204 738 3333 Pharroa
736 3202 1229 3405 xCapreeulemcele'laralle
1248 3200 1414 3295 creditur
1425 3202 1569 3291 Statius
1585 3204 1793 3318 Sylvarum
1811 3208 1857 3291 li·

388 3346 434 3406 ro
523 3342 948 3405 ‚carmine..u.1oo.
1178 3359 1255 3403 ·-u
1410 3380 1414 3389 .
1591 3390 1596 3400 .

433 3599 442 3613 .
558 3500 829 3655 numaque
849 3513 996 3643 naas,
1026 3499 1189 3655 tripla
1206 3539 1274 3629 ιιι
1289 3543 1414 3633 auu
1438 3544 1583 3635 nana·

369 3720 375 3729 .
553 3650 968 3767 Luminanoliivagae
992 3660 1093 3745 tollit
1123 3654 1337 3749 Puauus
1362 3656 1697 3811 morulalunm
1833 3747 1840 3787 ·.

364 3883 432 3969 ubi
448 3880 544 3970 vide
559 3882 775 3969 Barthisun
839 3920 842 3927 ·
994 3941 998 3950 ·
1051 3896 1069 3969 21
1198 3920 1203 3929 ·
1453 3952 1459 3963 .
1843 3913 1847 3927 ·

370 4062 374 4070 -
422 3992 507 4085 Sed
525 3995 641 4109 millis
659 3996 773 4083 Phari
796 3994 963 4081 torribus
987 3996 1170 4107 reliquis,
1199 3995 1249 4083 ad
1271 4024 1358 4103 eam
1377 4016 1576 4101 revertor,
1606 4023 1702 4111 quoe
1721 3996 1763 4081 in
1782 3992 1855 4081 Ba·
2025 4054 2031 4061 -

368 4124 549 4193 tusorum
569 4108 691 4195 Insula
708 4130 828 4219 atque.
843 4102 948 4195 haud
965 4111 1087 4224 longe
1102 4138 1123 4195 a
1140 4110 1423 4226 Brittenburgo
1446 4112 1559 4197 aCal'
1671 4104 1854 4207 estfflfaua,

367 4218 478 4303 Illam
500 4240 629 4305 autem
649 4222 794 4308 summa
819 4250 939 4332 opum
963 4224 1004 4309 vi
1028 4244 1238 4337 oppugnat
1257 4224 1484 4324 Cluverius,
1511 4243 1558 4315 ,ut
1613 4226 1733 4315 atavis
1745 4278 1776 4323 „
1790 4242 1858 4311 aut

369 4326 541 4415 fimavit
568 4332 861 4427 Caninefatibus,
881 4337 1018 4447 eripiat
1048 4336 1093 4423 &
1114 4337 1284 4439 Morinis
1304 4340 1348 4423 in
1375 4334 1503 4425 Galia
1529 4335 1709 4427 restituat.
1766 4334 1860 4424 Scio

191 4451 196 4462 “
372 4441 470 4527 alios
486 4436 657 4527 similiter
672 4456 769 4539 aute
791 4446 1016 4537 Cluverium
1036 4443 1088 4533 ad
1110 4448 1349 4562 Kirburgum
1369 4449 1634 4541 Norrnantiiae
1654 4466 1861 4549 eumuna,

372 4540 532 4653 filule,
561 4550 629 4637 sed
649 4552 725 4641 hos
750 4550 907 4641 filontio
930 4576 1155 4669 praetereo,
1185 4562 1274 4671 quia
1294 4560 1423 4647 nattis
1444 4559 1617 4650 Cluverii
1638 4566 1753 4663 telis,
1777 4562 1861 4687 tauri·⁸

374 4668 445 4771 bus
470 4684 655 4782 August>
687 4664 830 4785 humus
854 4694 1013 4782 quoque
1039 4694 1203 4761 tonams
1228 4670 1613 4767 irritiinter'cidunt'
1662 4674 1861 4767 Cluverius

369 4810 401 4866 ,’
1768 4811 1866 4875 vero
