4292 5650
326 342 404 470 m
501 327 1675 444 unnurrruuuouoo

550 527 556 536 ’
679 542 685 552 ’
799 525 1170 616 MATRIBUS
1287 541 1292 549 '
1622 549 1628 559 ·

798 642 1132 729 TREVERIS
1178 712 1183 724 .
1297 715 1301 723 .

728 756 784 844 T.
827 752 1232 843 PATERNIVS
1373 809 1377 818 ·

539 947 543 956 .
858 865 1259 958 PERPETVS·

720 983 1157 1070 CORNICVLAR

918 1095 1055 1182 LEG.
1093 1093 1223 1182 LEG

593 1284 598 1294 .
763 1209 1167 1298 ·XXX'VVLM
1382 1221 1386 1228 '

344 1447 451 1534 Male
481 1442 599 1530 etiam
624 1439 727 1526 banc
753 1438 885 1528 miscet
908 1438 1125 1554 Keyslerur
1153 1467 1244 1527 cum
1264 1439 1336 1526 dia
1356 1437 1647 1552 inscriptione,
1674 1439 1771 1558 Jori
1796 1444 1850 1528 Ot
1896 1489 1908 1498 -·

341 1563 404 1649 Μ.
437 1556 712 1672 Conservatori
727 1555 946 1655 sacrata,ea
964 1579 1136 1665 namque
1157 1553 1303 1642 eodem
1320 1553 1480 1666 quidem
1506 1557 1550 1640 in
1570 1585 1667 1670 agro
1685 1563 1851 1666 iocoque

338 1699 454 1762 ruane
479 1667 701 1782 spectatur,
735 1665 915 1753 sednon
946 1667 989 1750 in
1017 1667 1162 1753 eodem
1190 1666 1332 1778 lapide
1390 1669 1497 1755 Dico
1525 1691 1687 1771 autem,
1722 1697 1852 1757 errare

341 1789 446 1875 sorte
467 1813 581 1884 eum,
595 1784 674 1894 „qui
691 1781 839 1866 Matres
857 1780 925 1866 has
942 1799 1053 1866 extra
1069 1778 1342 1866 Treuerorum
1360 1779 1462 1868 fruet
1480 1783 1733 1870 submoverit.
1767 1783 1851 1872 'su

342 1899 454 1988 metsr
471 1895 587 1985 'enirn
605 1895 777 1980 nuncin
798 1891 1040 1979 Cliven'fium
1062 1919 1160 2004 agro
1181 1894 1401 1978 suburbano
1423 1892 1580 1992 visitur,
1609 1923 1698 1980 nou
1718 1924 1769 1980 ert
1797 1918 1850 1982 eo

338 2012 589 2102 manifestum
615 2007 693 2110 esi,
724 2009 768 2092 in
796 2005 862 2092 illo
888 2031 1014 2117 agro,
1045 2026 1111 2088 aut
1137 2005 1253 2092 etiam
1278 2005 1321 2088 in
1344 2007 1539 2114 proximis
1565 2007 1676 2096 locii‘
1697 2017 1850 2094 erutum

337 2127 430 2216 esse.
490 2123 693 2210 Mauritius
715 2145 883 2228 nunque
902 2116 1107 2204 Nasiovius
1125 2119 1311 2230 Princepa
1332 2114 1505 2229 undique
1529 2117 1745 2231 conquifita
1763 2150 1850 2208 mo·

227 2309 231 2316 .
340 2257 533 2329 numenta
564 2237 678 2322 etiam
706 2262 729 2321 e
756 2232 851 2318 locis
885 2231 1160 2318 remotioribus
1194 2233 1244 2316 ad
1273 2231 1630 2344 Bergenduenmn
1666 2233 1849 2322 secessum

344 2359 478 2455 strum,
504 2361 623 2462 'quem
642 2344 943 2456 &cenotaphio
966 2346 1033 2432 suo
1053 2347 1237 2432 exornari
1256 2347 1401 2445 vobrit,
1430 2350 1707 2459 comportavit.
1765 2350 1850 2434 Ne-

343 2467 491 2586 glectae
510 2466 549 2549 'ia
571 2461 659 2576 post
679 2459 756 2549 sata
777 2460 874 2546 viri,
896 2459 1129 2572 aliquamdiu
1148 2458 1247 2561 sirit,
1276 2459 1348 2546 sed
1372 2462 1524 2550 recenti
1553 2462 1851 2576 Magisiratrmm

343 2578 584 2670 Clivenstum
599 2600 690 2662 cura
713 2575 899 2661 nitescere
920 2601 1026 2658 nunc
1053 2575 1175 2658 narsus
1201 2573 1350 2683 incipit‘
1409 2575 1669 2688 Dignissimis
1690 2578 1777 2661 sane
1791 2581 1851 2661 lo

342 2725 431 2797 cus,
460 2693 501 2778 in
517 2721 594 2804 quo
613 2715 701 2773 cum
723 2689 936 2800 priscorum
951 2688 1132 2772 Deorum
1141 2687 1405 2798 ¹Virorumque
1422 2692 1575 2787 vultus,
1606 2709 1690 2772 tum
1709 2688 1852 2800 Magni

346 2822 458 2921 atq'ue
488 2801 718 2893 illustrissimi
751 2801 938 2914 Principis
968 2829 1019 2886 ve
1054 2799 1061 2813 '
1091 2798 1128 2885 ia
1154 2830 1175 2885 a
1205 2799 1295 2887 seris
1317 2801 1478 2912 posteris
1507 2797 1729 2889 adorentur.
1789 2803 1851 2889 lta

344 2951 514 3035 namque
534 2946 661 3029 nuper
678 2915 928 3029 cognoviex
949 2914 1052 3001 Scbe
1086 2914 1094 2927 ‘
1128 2915 1482 3026 Papenbioekianis
1507 2915 1685 3001 Herculis
1707 2918 1852 3003 Saxam

344 3052 676 3132 monumentum,
708 3028 814 3141 quod
832 3031 874 3113 in
897 3026 1042 3115 eodem
1059 3028 1128 3114 illo
1151 3057 1249 3142 agro
1267 3030 1519 3141 conspicitur,
1536 3029 1780 3115 Antunnaeo
1795 3051 1853 3117 at·

341 3180 422 3263 que
439 3151 485 3236 ab
510 3144 600 3259 ipsis
624 3144 897 3230 Treverorum
924 3142 1126 3243 terminis,
1156 3139 1406 3253 quiquidem
1429 3166 1539 3223 nunc
1557 3142 1668 3241 sunt,
1697 3140 1853 3225 adeum

348 3270 480 3352 locum
501 3259 575 3346 effe
594 3256 858 3367 deportatum.
895 3256 971 3338 ιΕῑ
985 3272 1122 3339 tamen
1143 3251 1172 3335 fi
1196 3255 1238 3335 in
1259 3256 1329 3336 illo
1347 3256 1467 3354 loco,
1493 3253 1561 3339 ubi
1582 3258 1670 3339 cum
1684 3254 1855 3341 maxime

346 3378 567 3491 spatum,
596 3366 720 3482 pofita
736 3369 869 3454 obma
891 3366 1073 3451 Paternio
1085 3380 1286 3482 perpetuo
1312 3363 1384 3451 suit
1409 3366 1473 3452 illa
1490 3394 1577 3469 ara,
1605 3365 1855 3455 contendere
2004 3370 2008 3375 ’

350 3489 443 3577 inde
468 3484 606 3585 ausim,
637 3484 752 3594 usque
769 3510 819 3567 eo
843 3479 1025 3593 spatiosos
1040 3478 1312 3565 Treverorum
1331 3481 1473 3568 limites
1490 3478 1852 3595 procurrisse,quoe
1916 3500 1924 3507 ’

350 3602 500 3693 constat
522 3605 644 3711 longe
664 3601 819 3707 lateque
837 3592 1027 3681 Rhenum
1054 3594 1162 3679 inter
1180 3592 1225 3679 dc
1251 3593 1405 3680 Mosam
1428 3594 1624 3680 incoluisse
1648 3624 1662 3703 3
1697 3596 1769 3684 De
1790 3594 1853 3679 his

349 3718 506 3809 consule
523 3712 742 3825 Philippum
762 3708 986 3795 Cluverium
1003 3709 1045 3801 in
1063 3704 1274 3795 Germania
1289 3708 1467 3819 Antiqua
1488 3707 1595 3794 libro·
1609 3709 1670 3793 11·
1680 3736 1771 3821 cap·
1788 3721 1852 3813 14.
1900 3788 1904 3796 .

350 3858 394 3922 ut
415 3830 517 3919 adeo
533 3822 700 3915 ridendo
716 3850 852 3910 verum
874 3821 1022 3907 dixerit
1037 3824 1206 3924 Cicero,
1235 3851 1323 3909 cum
1345 3819 1392 3907 ad
1410 3820 1641 3909 Trebatium
1658 3820 1856 3909 suumad-

352 3946 491 4035 ludens
512 3943 662 4042 scribit,
694 3941 767 4024 boa
794 3936 985 4023 Treviros
1013 3934 1304 4046 Capitaiea-else
1335 3936 1436 4022 libro
1463 3936 1569 4023 Vtt.
1600 3938 1760 4049 epistola
1788 3958 1852 4041 13·

351 4064 504 4147 consule
522 4084 643 4168 porro
664 4053 884 4164 Philippmn
903 4049 1122 4134 Berterium
1140 4050 1206 4160 qui
1225 4050 1267 4133 in
1282 4049 1481 4137 Pitbanon
1506 4051 1684 4137 Diatriba
1710 4074 1744 4133 1.
1764 4073 1853 4157 cap.

355 4200 390 4283 3.
420 4172 633 4283 Augustam
656 4167 922 4255 Treverorum
933 4162 1069 4249 urbem
1085 4160 1295 4249 Galliarum
1324 4164 1571 4275 Metropolin
1593 4160 1698 4249 finde
1720 4158 1854 4247 docet.

411 4284 542 4372 Missas
561 4271 668 4370 nuu'c
681 4280 808 4369 facere
818 4278 933 4392 cupio
953 4280 1188 4388 reliquorum
1208 4281 1385 4365 locorum
1394 4278 1543 4365 Matres
1562 4300 1677 4387 atque
1695 4272 1857 4361 adBrit·

352 4422 413 4507 ,tas
434 4424 640 4485 recurrere.
699 4392 781 4481 Sed
809 4392 1037 4503 properanti
1066 4388 1170 4501 quasa
1197 4420 1363 4479 manian
1384 4392 1568 4500 injiciunt
1590 4390 1751 4475 Matres
1767 4392 1856 4477 Au·

349 4512 496 4631 guliae.
556 4512 655 4596 Aras
675 4509 719 4595 dc
734 4509 867 4592 titulos
891 4506 1025 4589 barum
1044 4506 1248 4615 proposuit
1265 4506 1454 4606 Grutems
1469 4534 1559 4618 pag.
1579 4503 1680 4589 XC.
1699 4532 1740 4589 n.
1762 4531 1802 4604 1,
1814 4533 1853 4589 a.

360 4662 394 4743 3.
415 4650 449 4737 5.
481 4622 683 4713 Reinesrua
703 4625 731 4708 1.
750 4650 790 4705 n.
818 4640 908 4725 173.
939 4614 1111 4727 Lepidus
1126 4619 1213 4703 sane
1231 4620 1287 4707 est
1301 4617 1534 4718 Paradinus,
1559 4617 1625 4727 qui
1642 4617 1739 4705 teste
1754 4619 1853 4723 Spo-

359 4749 426 4837 nio
445 4746 487 4833 in
506 4733 721 4830 recherche
742 4734 805 4824 des
822 4731 1124 4846 Antiquior&
1134 4735 1344 4850 Cairiosttez
1355 4733 1401 4821 de
1415 4727 1861 4952 lapillmyoictitiii
1939 4865 1943 4871 .
