4292 5650
493 249 1831 510 nnnarrrnunuaoo·n

318 578 362 667 5.
387 553 480 643 iilud
500 523 743 639 Marnrs'
771 547 908 636 Ano.
940 549 991 639 de
1020 551 1154 640 Matre
1177 545 1347 668 Auguria
1369 554 1667 664 interpretatur:
1721 547 1829 644 Cho·

315 677 435 760 rietus
462 691 591 755 autem
613 667 657 750 in
684 664 995 776 Antiquitatibus
1018 665 1310 754 Viennensibus
1340 666 1490 754 Gallice
1517 671 1665 782 scriptia
1688 671 1827 758 Merer

317 783 513 896 Augustos
530 780 675 881 vertit,
706 787 809 884 cujus
826 780 1062 882 sententiam
1080 781 1213 868 laudat
1231 811 1282 868 eo
1307 784 1432 884 loco,
1451 809 1573 892 quern·
1585 783 1666 868 diri
1676 841 1691 885 ,
1722 788 1826 897 Spo-

177 964 180 971 .
314 901 414 986 nius.
476 895 692 1010 Keyslerun
709 893 835 979 'etiam
855 891 907 979 de
926 893 1159 983 Mulieribus
1179 892 1358 982 Fatidicis
1376 899 1408 1004 d.
1427 919 1492 1002 34.
1524 897 1569 982 de
1585 899 1761 1007 Capetus
1779 897 1824 989 in

312 1009 698 1122 inscriptionibuu&
724 1002 987 1094 Marmoribus
1013 1011 1181 1120 antiquie
1207 1038 1299 1124 pag.
1327 1013 1420 1098 268.
1454 1009 1718 1124 Augustarum
1748 1031 1824 1098 noa‘

312 1153 407 1212 men
426 1121 699 1218 Mantuanis
716 1121 901 1207 tributum
921 1125 1105 1223 censent,
1118 1120 1262 1208 eodem
1283 1119 1408 1208 modo
1421 1122 1641 1235 eademque-
1655 1123 1706 1208 de
1725 1128 1826 1210 caus-

312 1243 370 1340 sa,
401 1235 481 1351 qua
494 1239 615 1322 ceteri
628 1235 698 1320 Dii
716 1239 855 1322 omnes
872 1235 1041 1350 Augusti
1057 1236 1262 1338 Aeonum,
1294 1235 1348 1346 ad,
1366 1234 1664 1351 fignificandam
1685 1235 1822 1322 videli-

182 1386 187 1394 ·
311 1375 374 1440 cet
395 1352 586 1438 Divinam
615 1347 867 1456 Maiestatem.
916 1352 1056 1462 Neque
1087 1350 1271 1462 equidem
1295 1361 1446 1466 nego,
1484 1350 1591 1437 resse
1617 1351 1693 1436 hoc
1717 1352 1823 1437 sensu

310 1467 458 1553 Matres
475 1463 670 1578 Augustas
687 1465 892 1574 appellari,
921 1464 988 1552 sed
1006 1493 1095 1550 cum
1116 1462 1374 1578 deprehendo
1392 1462 1540 1575 lapides
1563 1485 1716 1551 tantum
1733 1493 1822 1550 non
1956 1543 1963 1556 .

309 1609 476 1682 omnes,
505 1557 571 1692 qui
600 1578 752 1664 Matres
776 1573 970 1694 Augustas
992 1577 1277 1681 testificantur,
1316 1577 1507 1692 Lugduni
1532 1581 1572 1662 in
1598 1576 1724 1664 Gallia
1745 1575 1822 1690 esse

310 1699 557 1779 consecratos
573 1709 598 1790 ,'
619 1712 685 1800 aut
710 1688 759 1774 ad
786 1693 1015 1806 Viennam,
1032 1690 1144 1799 quod
1167 1691 1209 1776 in
1232 1693 1417 1802 proximo
1445 1690 1638 1802 oppidum
1668 1691 1746 1799 est,
1777 1693 1824 1779 dc

312 1799 644 1918 Lugdunensium*
666 1801 776 1888 fiaes·
792 1803 1024 1916 contingit,
1055 1801 1152 1912 quid
1181 1805 1370 1913 prohibet
1394 1856 1409 1903 ,
1438 1833 1517 1913 quo
1548 1807 1679 1888 minus
1698 1824 1742 1888 ut
1760 1835 1827 1893 cea
1940 1871 1945 1878 -

309 1937 416 2004 terat
426 1917 610 2015 Manen,
630 1908 681 1998 fic
701 1939 856 2023 quoque
873 1911 946 2028 han
963 1914 1161 2025 Augustas
1189 1916 1236 2001 ab
1251 1915 1369 2002 Urbe
1382 1945 1424 2000 ac
1446 1922 1539 2002 loco
1557 1915 1679 2001 didiae
1696 1919 1822 2002 existi·

310 2031 486 2118 memus?
516 2025 633 2114 Haud
652 2026 1004 2135 nanqneobscure
1037 2027 1233 2140 ¹colligitur
1266 2059 1316 2115 ex
1344 2033 1611 2115 monumentis
1640 2029 1823 2135 venusin,

308 2141 552 2274 Lugduntun
569 2143 706 2227 urbem
723 2139 943 2249 Auginum
980 2137 1087 2226 fnffe
1119 2143 1454 2254 cognominatam.
1516 2145 1619 2228 Non
1645 2143 1818 2294 Q

308 2258 401 2362 hura
423 2254 657 2371 cognomini
669 2250 859 2348 aduersari
877 2257 1076 2366 Sponium
1093 2254 1136 2338 in
1152 2256 1368 2341 Rechercbe
1381 2258 1428 2342 de
1438 2257 1543 2368 Lyon
1557 2256 1646 2357 ,ubi
1657 2273 1756 2346 'lili
1767 2276 1803 2346 sl
1809 2306 1817 2345 ;

308 2373 423 2458 VIR
447 2364 719 2475 Auo.'C.'C.
745 2365 791 2451 C.
811 2367 894 2452 AV
905 2369 957 2454 G.
983 2370 1060 2453 LV
1069 2362 1120 2452 G.
1153 2371 1320 2478 explicat
1338 2367 1822 2479 SextumviruAugustasi

313 2487 594 2567 Trecentor'urn
612 2485 851 2588 Augurum,
868 2509 1017 2565 uerum
1038 2480 1135 2566 baec
1163 2483 1377 2596 explicatio
1396 2512 1417 2565 a
1436 2485 1591 2568 ratione
1611 2483 1656 2568 dt
1672 2483 1738 2566 ufir
1761 2485 1819 2565 lo⁸

310 2593 589 2710 quendi'etiam
614 2594 664 2702 ab
683 2587 818 2679 officio
841 2591 1109 2704 Augustalium
1132 2594 1337 2684 abhorrere
1357 2594 1526 2683 videtur.
1585 2597 1697 2701 Quin
1723 2592 1820 2679 dum

309 2711 491 2822 scriptum
504 2694 592 2793 stoc
613 2725 630 2792 t
688 2707 832 2792 othetis
859 2705 1009 2794 tradere
1036 2722 1135 2820 paro
1161 2707 1487 2811 describendum,
1520 2706 1736 2794 commode
1761 2707 1821 2792 in-

309 2823 416 2911 dicio
444 2737 718 2935 Christopsdri
749 2821 902 2907 Cellarii
928 2825 970 2907 in
1001 2821 1258 2941 Geograpbia
1283 2826 1460 2935 Antiqua
1482 2826 1585 2929 libro
1601 2823 1656 2907 ΙΙ.
1679 2850 1761 2933 cap.
1782 2848 1819 2905 2¹.

165 2990 172 3013 .
309 2948 506 3047 pag-133.
527 2936 738 3045 intelligo,
768 2936 890 3044 ipsum
911 2937 1104 3047 Sponium
1123 2936 1346 3023 emendasse
1381 2939 1485 3022 bunc
1512 2941 1623 3021 strum
1644 2958 1821 3020 errorent

180 3068 183 3079 '
299 3049 351 3134 in
370 3045 629 3135 Miscuimus
645 3044 830 3143 Eruditae
844 3050 1100 3157 Antiquitatis
1119 3048 1292 3133 sessione
1313 3056 1365 3133 V.
1384 3078 1472 3160 pag.
1495 3072 1585 3152 1702
1614 3047 1683 3132 ubi
1705 3044 1817 3145 vide',

307 3146 640 3270 tredo'etiamde
656 3148 1051 3274 Matribquugustia
1073 3160 1313 3246 sententiam
1342 3156 1748 3261 muramumuuffe,
1787 3156 1819 3243 sr

310 3284 395 3361 uim
414 3275 587 3357 animum
603 3265 805 3355 subiissent.
1154 3290 1159 3308 ¹
1315 3348 1319 3352 ,
1533 3329 1537 3335 .
1647 3288 1651 3294 ’
1803 3302 1812 3345 Ι;

365 3384 445 3471 Ad
463 3385 615 3469 Matres
638 3382 832 3497 Augustas
863 3384 1023 3471 retrahit
1041 3412 1201 3498 quoque
1226 3378 1460 3497 Reinesirrs,
1487 3386 1554 3474 sed
1580 3414 1627 3473 ea
1646 3385 1714 3487 vi,
1743 3414 1817 3495 qua

307 3503 402 3587 solet
472 3499 575 3585 assari
595 3498 636 3582 in
656 3500 808 3606 antiqua
833 3506 1098 3586 monumenta.
1127 3505 1274 3588 Saxum
1292 3498 1473 3592 effossum
1489 3497 1687 3603 Vasrone,
1707 3498 1820 3611 quod

307 3615 499 3725 bppispum
520 3613 813 3703 Vocontiorum
834 3608 1021 3697 inGaffla
1039 3611 1311 3713 Narbonensi,
1341 3618 1488 3701 Sarrum
1504 3614 1582 3701 hoc
1601 3609 1818 3701 verborum

309 3728 627 3867 brdine'exhibet
637 3727 935 3868 cirsaiuagnio
960 3724 1084 3813 Classe
1104 3726 1132 3811 i.
1150 3733 1301 3856 nfrpq„
1411 3804 1417 3815 ,
1466 3737 1473 3788 ³

308 3934 386 3995 ·'
489 3889 1023 4055 ¹¹⁸natarumve·
1128 3950 1506 4061 ‚nocuimus
1633 4012 1637 4017 .
1721 3890 1727 3902 ’

398 4098 479 4113 ·-
618 4066 1037 4153 vassaoou.=
1137 4072 1179 4155 s.
1208 4068 1252 4153 r.
1284 4070 1339 4152 u.
1367 4066 1444 4153 sn.
1475 4064 1537 4149 rr.

305 4300 441 4405 Quem
463 4290 650 4378 ordinem
665 4288 692 4377 sr
707 4292 784 4403 ipse
803 4295 899 4403 sapia
917 4290 1183 4404 praescripsit,
1212 4295 1265 4378 ita
1283 4291 1402 4379 verba
1422 4317 1597 4401 expone.
1656 4290 1812 4375 Matri

306 4412 376 4489 ins
390 4406 671 4522 Vadonenfibus
682 4412 824 4501 Sextus
841 4410 901 4491 vel
918 4409 1038 4493 etiam
1047 4412 1253 4519 Septimius
1269 4408 1420 4492 uonna
1435 4402 1633 4491 Adcolttrs
1643 4406 1813 4517 Maura

297 4516 399 4629 fecit
420 4524 560 4605 Votum
580 4523 694 4623 solvit
721 4520 850 4605 iubens
867 4525 1017 4606 merito.
1076 4524 1118 4607 Si
1137 4532 1269 4606 tamen
1287 4522 1320 4605 ia
1337 4516 1439 4606 ordo
1457 4544 1571 4602 vertar
1587 4517 1666 4619 est,
1693 4540 1812 4629 quem

307 4632 485 4741 Sponius
503 4636 547 4715 in
562 4632 823 4719 Miscellaneia
844 4632 1016 4719 ostendit
1036 4634 1224 4721 sectione
1251 4634 1331 4719 ΙΙΙ.
1354 4632 1695 4723 n‘LXerrr.
1720 4651 1812 4739 pag.

159 4890 165 4903 Ι
304 4764 394 4917 1o5.
424 4744 681 4847 amonstrosia
696 4748 758 4835 hia
769 4746 966 4841 Muribus
987 4752 1104 4864 plane
1122 4749 1306 4971 mgiqeo.
1658 4806 1663 4813 -
1704 4843 1821 4940 Hm
