4292 5650
576 374 864 472 'narsus
902 348 1539 457 alausansarmaaca.
1762 391 1835 473 151

328 525 637 657 &summorum
662 540 851 629 Virorum
877 538 1345 653 nominibus-appellatas
1358 598 1373 643 ,
1404 544 1470 651 qui
1493 570 1555 627 eas
1581 543 1838 627 invenerunt:
1939 618 1943 627 .

330 656 415 747 Sed
432 654 509 743 hoc
525 656 684 757 nescio,
708 648 867 741 eosdem
888 652 1031 749 herbae
1051 656 1209 760 alicujus
1222 656 1395 741 nomine
1422 656 1563 740 didos.
1609 660 1759 741 Verum
1778 659 1833 741 ait

332 770 565 879 Clarilsunus
583 768 735 855 Auctor
756 768 809 855 ob
834 764 1029 881 inhgnem
1060 766 1202 854 herbae
1230 770 1371 875 hujus,
1403 766 1603 883 quondam
1626 770 1729 879 apud
1750 770 1831 856 Ro

328 912 491 987 manos,
521 882 848 989 existimationem
874 880 925 965 src
950 878 1029 965 dici
1047 881 1210 969 voluisse
1232 882 1503 999 justinianum.
1566 886 1716 969 Verum
1736 883 1831 993 quid

269 1048 275 1061 1
328 999 394 1083 illa
410 998 550 1083 herbae
567 997 677 1105 hujus
701 994 932 1084 existimatio
948 992 998 1078 ad
1020 998 1323 1106 smperatorem?
1346 996 1436 1083 ¹Sed
1460 997 1503 1082 ὅσ
1536 998 1675 1084 vellem
1704 998 1831 1082 osten·

268 1150 275 1162 ·
328 1108 442 1219 disset
459 1110 797 1211 'Audiui'tantam
816 1162 832 1211 ,-
853 1120 1061 1224 ‘quantam‘
1082 1108 1203 1211 dicit,
1243 1110 1580 1195 existimationem.
1638 1107 1833 1219 Equidem

88 1243 92 1253 “
215 1256 218 1262 ·
318 1225 612 1336 cumignech·
651 1224 744 1311 Scio
766 1236 865 1335 qaae
885 1220 937 1309 de
956 1220 1177 1310 honorifica
1196 1222 1338 1310 herbae
1360 1224 1471 1332 hujus
1502 1223 1765 1309 ostentatione
1789 1224 1832 1309 dc

326 1320 574 1448 suspensione
588 1337 718 1425 scribit
742 1336 845 1427 infin
857 1366 939 1449 cap.
963 1340 1025 1425 16.
1055 1334 1137 1423 Sed
1167 1338 1210 1423 &
1236 1339 1450 1423 commenti
1474 1332 1584 1441 hujus
1609 1336 1830 1423 ‘Audorem

329 1452 466 1552 alum,
497 1478 615 1562 quam
637 1450 911 1565 Mantingiurn
929 1448 1121 1537 defidern.
1182 1454 1333 1537 Verum
1353 1449 1381 1536 li
1403 1470 1533 1535 tantus
1554 1450 1696 1537 herbae
1720 1449 1830 1556 hujus

331 1563 544 1675 in-Populo
561 1568 756 1652 Romano·
775 1566 820 1651 &
843 1566 949 1651 inter
969 1565 1155 1650 Medicos
1178 1564 1381 1651 Romanos
1403 1566 1533 1649 honos
1561 1562 1656 1673 hait3
1687 1594 1755 1650 cur
1778 1564 1831 1649 de

331 1678 571 1787 eoPlinius,
599 1680 682 1764 imo
701 1678 843 1763 Graeci
861 1705 1000 1763 omnes
1021 1680 1064 1763 &
1082 1680 1255 1763 Romani
1272 1681 1428 1768 tacent?
1456 1680 1548 1764 Nec
1563 1678 1706 1779 credo,
1722 1706 1831 1789 prae-

217 1872 225 1887 ,
325 1791 532 1875 terit-urum
548 1786 656 1875 sililse
676 1793 845 1877 Plinium
870 1791 1042 1877 insuetos
1060 1789 1170 1896 hujus
1202 1791 1344 1875 herbae
1370 1792 1570 1892 honores,
1601 1788 1627 1874 sr
1657 1818 1831 1901 unquam
1914 1808 1918 1815 '

326 1900 570 2017 libi-'cogniti
595 1902 777 1991 fuissent-t
814 1905 1107 2015 loletnamque
1146 1904 1179 1988 is
1213 1903 1416 2016 singularia
1452 1898 1626 2014 quaeque
1664 1902 1828 1989 studiose

324 2014 526 2129 perhquig
558 2018 602 2103 &
620 2018 763 2103 ceteris
780 2013 974 2128 copiohor
989 2013 1046 2103 est
1067 2017 1108 2100 in
1137 2015 1389 2123 describenda
1415 2018 1479 2101 illa
1500 2016 1630 2102 herba.
1688 2016 1836 2103 Metuo

325 2129 481 2231 autem,
499 2160 554 2217 ne
573 2130 792 2216 Clarissimo
809 2129 979 2215 Austori
999 2128 1209 2233 acciderit,
1234 2130 1347 2240 ,quod
1371 2133 1499 2240 matltis
1522 2133 1589 2215 usu
1613 2130 1748 2217 venire
1771 2130 1829 2215 vi·

133 2232 137 2235 ’
213 2236 235 2266 “
265 2291 271 2297 ·
323 2239 485 2345 demus,
515 2246 581 2353 qui
608 2244 819 2329 inmodicis
836 2242 1013 2329 laudibus
1034 2270 1197 2355 operare
1227 2246 1537 2349 consueverunt,
1564 2240 1829 2357 quodcunque

326 2352 641 2441 describendum·
649 2358 863 2465 suscipiunt.
984 2387 988 2393 ·
1230 2448 1232 2455 ,

381 2468 482 2551 Pro.
498 2469 550 2551 X.
606 2468 699 2579 ‘Ipsa
721 2481 851 2549 ¹aaron
878 2470 958 2577 ejas
979 2468 1242 2553 denominatio,
1283 2468 1478 2568 ²Errabit,
1508 2470 1575 2581 qui
1607 2469 1831 2573 existimat,

326 2579 449 2681 haec,
479 2580 523 2665 &
542 2608 638 2690 quae
656 2581 889 2691 sequuntur,
920 2582 1037 2664 Plinii
1055 2578 1139 2667 elle.
1200 2578 1310 2667 Alibi
1336 2583 1453 2671 etiarn
1481 2584 1605 2667 aliena
1623 2583 1831 2693 Scriptori·

326 2694 403 2783 bu's
427 2694 595 2804 antiquis
618 2688 808 2805 supposita
828 2689 1130 2795 videas,'errore
1146 2722 1195 2779 aa
1218 2692 1400 2797 consalin,
1421 2696 1561 2781 nescio.

383 2806 610 2898 lurnnu..
651 2808 730 2893 un
743 2808 884 2894 curialis
895 2809 1125 2914 julummorlo
1153 2826 1349 2922 tempora,
1380 2837 1489 2924 quaem
1512 2812 1729 2922 Cleopatrae
1747 2816 1830 2896 Ae-

321 2927 433 3036 gypti
448 2923 648 3028 Reginae,
671 3021 675 3028 .
739 2918 927 3030 C‘Jsssii.
950 2924 1148 3030 Caestrrr's,
1178 2923 1439 3009 Romanarum
1468 2925 1721 3119 suffocantis
1740 2929 1830 3036 pri·
1880 3005 1900 3020 „

328 3039 408 3136 nri,
434 3049 566 3154 attale
592 3035 762 3124 nonnulli
787 3032 924 3143 uixisse
941 3037 1213 3146 prodiderunt.
1274 3037 1304 3120 li
1332 3037 1409 3121 hoc
1438 3065 1510 3146 pro
1542 3035 1733 3137 iderunt,
1764 3037 1829 3146 qui

328 3144 475 3246 Saldae
499 3147 618 3259 rerba
643 3146 687 3231 in
718 3176 820 3232 voce
850 3153 1049 3253 otorantina
1078 3147 1130 3234 de
1156 3149 1344 3236 Pedaneo
1367 3145 1623 3258 Dioscoride,
1652 3148 1833 3236 Auslore

211 3358 217 3371 ,
330 3262 562 3357 {aaronitae
588 3263 677 3345 sarnt
706 3261 982 3372 interpretati,
1011 3261 1079 3348 sed
1108 3291 1278 3350 errorem
1301 3290 1436 3348 eorum
1460 3265 1635 3375 coarguit
1651 3265 1833 3380 ⁸loannes

327 3375 520 3462 Albertus
545 3373 738 3460 Fabricius
762 3376 803 3458 in
831 3374 1074 3467 Bibliotheca
1095 3375 1245 3480 Graeca
1267 3377 1367 3463 libro
1382 3380 1463 3462 lV.
1494 3405 1575 3487 cap.
1600 3401 1634 3482 3.
1667 3379 1697 3484 h.
1721 3403 1753 3460 2.
1782 3379 1827 3462 in

323 3490 460 3581 nutis:
509 3485 596 3574 lano
619 3488 698 3574 sola
719 3486 782 3576 illa
801 3487 1202 3594 herbaBritannica,
1232 3501 1335 3600 cujus
1364 3491 1545 3576 meminit
1569 3489 1635 3594 hic
1661 3491 1828 3576 Diosco-

325 3600 461 3714 rideS,
491 3598 611 3688 docet
627 3602 733 3716 illum
747 3602 929 3714 seriorem
949 3603 1024 3690 elle
1040 3605 1113 3688 hac
1128 3627 1264 3712 aetate.
1325 3606 1479 3692 Verior·
1491 3633 1591 3720 ergo
1611 3603 1666 3690 est
1683 3607 1828 3692 Salma-

323 3695 374 3799 lii
388 3716 580 3802 sententia
601 3715 643 3798 in
658 3716 1014 3813 Exercitationibus
1030 3715 1218 3802 Plinianis
1236 3745 1324 3830 pag.
1348 3743 1441 3826 290.
1461 3719 1694 3802 anteriorem
1714 3745 1828 3817 curn,

327 3828 414 3910 hon
442 3832 572 3928 tamen
601 3830 778 3939 longe,=
799 3827 932 3913 Plinio
964 3823 1048 3914 elle.
1109 3829 1234 3937 Quod
1267 3852 1398 3915 autem
1430 3831 1560 3914 censet
1586 3827 1824 3940 Clarissimus

218 3996 222 4002 -
300 3965 304 3972 ·
331 3937 605 4051 Mantingius,
635 3938 900 4024 Britannicam
922 3937 1069 4028 dudum
1088 3963 1179 4029 ante
1197 3941 1482 4140 temporagulii
1504 3942 1669 4026 Caesaris
1687 3963 1826 4026 notarn

328 4049 440 4166 sitisse
468 4052 631 4154 Graecis
658 4071 772 4162 atque
792 4054 982 4158 Latinis,
1010 4055 1052 4140 in
1081 4087 1130 4144 eo
1153 4057 1308 4144 fallitur.
1429 4055 1622 4142 ermanico
1655 4083 1825 4168 namque

325 4165 483 4250 Caesari
505 4169 557 4248 ilr
575 4161 788 4268 Germania
817 4167 964 4265 bellum
983 4171 1140 4284 gerenti
1167 4174 1336 4284 primum
1361 4170 1424 4254 illa
1454 4167 1715 4274 demonstrata
1730 4171 1825 4265 esta

323 4277 482 4382 fsihis,
510 4283 556 4363 ut
571 4277 906 4390 perspicnedocet
923 4281 1072 4367 Plinius
1093 4285 1192 4385 libro
1221 4283 1379 4394 XXV.
1410 4311 1491 4393 cap.
1520 4309 1555 4390 3.
1616 4277 1824 4386 Germani-

255 4477 262 4486 ,
324 4416 395 4514 cus
412 4413 570 4493 nartem,
600 4391 747 4480 'adlo'in
768 4393 877 4480 Urbe
894 4393 1103 4480 Consulatu
1135 4397 1182 4483 ab
1202 4395 1381 4508 Arigarslo
1406 4397 1448 4480 in
1470 4396 1721 4482 Germaniam
1741 4397 1824 4527 mis·

239 4542 250 4558 ,
325 4501 481 4602 saisost,
508 4505 698 4600 Manacio
717 4507 865 4593 Planco
881 4507 926 4594 &
942 4508 1040 4597 Silio
1061 4509 1231 4598 Caecina
1251 4509 1505 4610 Consulibus,
1534 4537 1696 4620 quorum
1717 4511 1825 4594 Con·

325 4618 484 4700 sulatum
497 4615 663 4730 Pighius
677 4622 721 4706 in
735 4619 956 4707 Annalibus
976 4621 1130 4714 confert
1144 4628 1186 4711 in
1210 4621 1355 4711 annum
1373 4629 1426 4708 V.
1448 4623 1492 4705 C.
1525 4623 1615 4709 DC
1627 4623 1819 4708 CLXV.

324 4729 470 4843 Neque
495 4726 586 4815 huic
619 4731 842 4825 sententiae
866 4733 1113 4833 adversantur
1141 4741 1297 4832 Servilii
1321 4735 1566 4825 Democratis
1592 4736 1748 4836 versus,
1778 4752 1824 4860 ut
1870 4835 1873 4842 .

370 4868 388 4898 ·’
1741 4876 1825 4936 eru·
