4292 5650
317 253 1662 476 ‚124narratarauruuoo

322 530 600 640 boetempore
616 532 790 639 plerique
803 529 1297 616 omnesClrrisrianieraut.
1330 535 1465 642 Quam
1477 549 1577 647 ergo
1588 529 1829 628 Britanniis

330 645 481 743 Gallia,
511 639 622 726 Frisra
641 645 684 728 da
705 672 830 752 prope
852 643 982 727 Rheni
1007 643 1174 728 divortia
1191 644 1436 744 habitantes,
1454 645 1499 730 id
1518 646 1572 730 eli
1587 643 1745 742 dextra,
1757 647 1832 728 lae·

327 789 379 842 va
402 780 517 952 atgue
540 757 655 838 etiam
685 777 837 867 atergo
871 757 1108 843 Batavorum
1138 758 1301 855 Insulam
1326 758 1573 870 spatiantes,
1600 749 1829 855 vetustiores
1939 779 1950 800 ⁸

327 868 443 956 liuta
475 888 595 952 ventu
611 867 780 954 Maximi
803 868 991 982 Tyranni
1011 875 1057 970 in„
1069 869 1267 972 Galbam,
1284 872 1343 968 ,da
1365 872 1593 986 Anglorum
1614 875 1833 966 Saxonum*
1940 914 1949 932 ·

327 1013 407 1094 que
421 973 465 1066 in
489 981 753 1097 Britapniam,
785 983 832 1066 aa·
853 984 1128 1084 Britannorum
1150 982 1247 1097 'luga
1263 987 1305 1068 in
1332 985 1519 1086 Galliam,
1549 987 1634 1097 quis
1652 983 1832 1070 dubitare

329 1093 446 1194 aulit,
476 1090 755 1202 Britannorum
777 1095 1052 1207 migrationem
1067 1097 1113 1182 iu
1135 1097 1375 1184 Batavorum
1393 1099 1559 1198 insulam
1579 1095 1749 1188 iimiliter
1763 1122 1835 1184 aar
1898 1127 1904 1140 ·

200 1283 206 1298 ,
328 1207 538 1316 tiquiorem
560 1203 671 1292 elle?
707 1209 872 1308 Fateor,
901 1211 1023 1320 ipsum
1052 1211 1306 1322 migrationis
1321 1218 1510 1322 tempus,
1538 1237 1631 1322 ‚quo
1650 1207 1840 1308 ‚Britanni¹
1962 1307 1966 1316 ¹

328 1319 378 1406 ad
405 1315 538 1409 Rheni
561 1316 658 1432 ostia
681 1343 907 1424 uenerunt,
944 1324 1059 1408 certis
1091 1345 1207 1435 atque
1235 1323 1470 1412 indubitatis
1497 1323 1734 1437 argumentis
1764 1319 1832 1406 de·

327 1430 563 1542 finiremibi
585 1461 671 1518 nou
694 1435 841 1543 liquet,
870 1435 926 1520 est
950 1454 1104 1537 tamen,
1127 1459 1217 1550 'quo
1239 1438 1461 1546 conjedlura
1486 1436 1603 1522 ducit.
1664 1430 1834 1532 Ostendi

329 1569 443 1636 antea
468 1575 552 1658 cap.
578 1545 706 1654 Vill.
748 1575 799 1632 ex
837 1551 1040 1650 Suetonio,
1063 1551 1294 1662 Tranquillo
1331 1555 1375 1638 in
1411 1555 1493 1636 Call
1526 1556 1613 1648 ulae,
1637 1551 1719 1637 vita
1753 1573 1835 1657 cap.
1887 1583 1891 1592 ·

328 1645 507 1751 XLIVJ
530 1649 786 1747 Adminium'·
801 1661 1039 1746 Cinobellini
1064 1663 1344 1748 Britannorum
1372 1667 1475 1777 regis
1549 1665 1624 1748 'um
1648 1659 1837 1773 pulsuml

329 1775 444 1886 Ratae
460 1765 548 1858 cum
561 1765 836 1888 exiguamanu
853 1771 902 1855 ad
914 1775 1130 1900 Caligulam
1142 1773 1381 1888 transfugisse
1394 1835 1408 1877 ,
1421 1776 1600 1886 atqueob
1613 1803 1662 1862 eo
1674 1777 1714 1870 in
1725 1771 1837 1871 dedi·
1919 1877 1923 1885 ι

331 1891 486 1974 tionem
501 1907 703 1996 acceptum
715 1883 833 1970 fitilla,
852 1887 983 1971 Docur
1003 1890 1119 1971 etiam
1130 1945 1143 1989 ,
1158 1887 1265 1972 bunc
1284 1887 1505 1997 p'ervenille
1524 1887 1577 1974 ad
1591 1889 1832 2000 Caligulam,

308 2022 422 2102 lcum
448 2004 482 2086 is
504 2002 546 2084 in
576 2001 813 2085 Batavorum
829 1998 951 2088 insula
978 2021 1093 2110 atque
1124 2003 1167 2084 in
1198 1999 1494 2106 Cauinefatibus
1517 2019 1760 2106 moraretur,
1781 1999 1836 2090 ,da
1901 1997 1908 2012 '
1961 1989 1966 1998 ⁴

329 2116 424 2208 bebi
436 2111 646 2200 ludibrium
667 2135 823 2224 ageret,
852 2110 961 2222 quod
981 2115 1075 2198 turri
1094 2114 1136 2198 in
1159 2141 1208 2200 eo
1223 2119 1315 2216 loco
1335 2117 1524 2218 exaltatae
1543 2115 1739 2228 originem
1765 2108 1833 2198 de-

329 2223 402 2334 dit.
451 2229 570 2315 Hunc
589 2218 823 2327 Adminium
839 2226 882 2312 iu
904 2225 1184 2318 Britannorum
1204 2230 1359 2316 insulam
1378 2227 1582 2326 redaldum
1602 2228 1835 2313 restitutum·
1879 2266 1881 2272 ’

286 2387 293 2397 ·
330 2370 408 2452 que
424 2340 496 2426 olle
516 2369 602 2426 non
625 2341 816 2423 novimus.
853 2337 1056 2454 Cogitavit
1077 2339 1233 2450 quidem
1247 2339 1298 2428 de
1320 2340 1577 2451 expeditione
1591 2340 1633 2423 in
1656 2365 1744 2426 eam
1761 2339 1835 2434 Ca,
1881 2359 1884 2366 ⁴

329 2457 480 2568 ligula,
498 2449 575 2538 ted
602 2453 715 2536 armis
743 2479 942 2561 nunquam
967 2456 1147 2540 tentavit.
1206 2451 1356 2543 Tadius
1383 2457 1425 2539 in
1446 2451 1648 2566 vita-Julii
1668 2449 1836 2564 Agrico·
1883 2497 1886 2504 ⁴
1939 2477 1944 2485 ·

177 2573 181 2576 ’
330 2572 392 2654 lae
428 2595 509 2677 cap.
550 2565 677 2652 Xlll.
721 2563 997 2650 borrasss
1035 2571 1080 2651 C.
1122 2571 1408 2652 Cansnunru
1449 2592 1514 2661 ns
1553 2590 1839 2650 rxrnauua·

330 2683 573 2796 Bat'rauu
588 2704 637 2760 ra
653 2674 757 2786 sartis
776 2677 947 2786 coastat,
976 2685 1018 2764 ai
1036 2682 1149 2764 velox
1170 2687 1345 2788 ingania,
1363 2680 1509 2764 mobilis
1525 2681 1763 2789 paenitentia
1778 2674 1835 2777 &³

333 2799 505 2905 irrgeates
536 2790 722 2896 aduersas
745 2795 999 2878 Germaniam
1033 2809 1192 2909 casatus
1213 2791 1372 2901 sirastra
1389 2789 1560 2904 suiffeat.
1621 2793 1674 2875 Et
1702 2807 1834 2885 tamen

332 2938 419 3020 quta
439 2904 650 2993 Adminius
680 2934 770 2991 cum
793 2934 863 3005 ea,
893 2934 1010 3014 quam
1025 2908 1154 2992 secum
1175 2905 1388 2993 adduxerat
1405 2934 1545 3006 manu,
1575 2904 1618 2989 in
1638 2902 1759 2989 fidem
1781 2901 1837 3001 est,

332 3042 512 3133 receptus
529 3050 551 3103 a
571 3020 772 3132 Caligula,
803 3015 940 3126 debuit
963 3046 1120 3129 quoque
1141 3023 1179 3105 ei
1202 3022 1312 3107 locus
1339 3020 1382 3105 da
1408 3041 1508 3121 terra
1534 3014 1745 3103 habitanda
1766 3013 1837 3101 ad·

332 3134 473 3250 signari
494 3133 537 3218 in
570 3132 738 3243 Imperio
761 3134 956 3219 Romano.
1016 3137 1130 3240 Quae
1156 3155 1288 3221 autem
1316 3154 1418 3220 terra
1445 3130 1709 3328 opportunior
1737 3127 1836 3228 fuit,

335 3278 446 3360 quam
465 3276 537 3347 ea,
566 3245 701 3355 inqua
722 3265 807 3329 tum
838 3248 1050 3355 imperator
1072 3248 1312 3335 versabatur?
1343 3272 1439 3355 quae
1480 3246 1535 3330 uit
1560 3239 1836 3330 Caniuefatum

292 3441 295 3448 .
336 3358 579 3447 admediana
603 3358 737 3443 Rheni
758 3358 932 3441 ostium?
972 3359 1110 3444 Potuit
1139 3388 1226 3445 earn
1254 3358 1348 3445 dare
1366 3360 1572 3471 Caligula,
1598 3357 1694 3467 quia
1716 3355 1870 3467 imper
1973 3356 1978 3363 ’

335 3476 394 3558 rio
420 3476 606 3561 Romano
633 3468 785 3555 subdita
811 3492 891 3584 erat
916 3470 1014 3555 inde
1041 3502 1064 3557 a
1088 3474 1282 3585 Tiberio,
1313 3476 1377 3581 qui
1397 3467 1837 3563 Caninelates'domuit.

337 3586 477 3673 Voluit
521 3580 616 3670 dare
651 3580 713 3667 his
755 3578 925 3682 sedem,
965 3584 1010 3670 da
1037 3612 1284 3698 nequaquam
1310 3584 1516 3683 destituare
1535 3586 1704 3695 Regem·
1730 3583 1839 3675 illum

337 3697 631 3812 Britannicum,
661 3696 750 3806 quia
767 3691 1015 3786 deditionem
1029 3725 1165 3787 eorum
1188 3702 1354 3788 summae
1383 3695 1453 3783 fibi
1474 3693 1603 3794 laudi,
1632 3696 1679 3781 dr
1705 3694 1841 3781 trium·

338 3815 419 3925 pho
448 3809 659 3926 magnifico
680 3806 842 3922 dignam
863 3806 1041 3902 ducebat.
1101 3810 1261 3901 Dedille
1287 3834 1413 3899 autem
1435 3808 1613 3909 uidetur,
1630 3807 1734 3918 ‚quia
1758 3806 1843 3925 Bri-

339 3953 550 4017 tannorum
572 3927 614 4009 in
634 3924 823 4011 hocloco
843 3924 1006 4009 nomina
1025 3922 1112 4035 post
1130 3928 1192 4011 illa
1220 3937 1396 4037 tempora
1424 3924 1637 4035 reperimus
1651 3977 1672 4027 ,⁸
1698 3946 1843 4029 nempe

339 4040 663 4152 Britteuburgrurr
690 4033 816 4122 idest
844 4036 1124 4145 Britannorum
1149 4068 1285 4125 arcem.
1344 4038 1500 4128 Horum
1528 4033 1841 4121 auterrl'Britan-

340 4138 484 4259 differam
501 4150 689 4261 deinceps
706 4151 838 4233 nullus
859 4149 1146 4239 Historicorurn
1174 4152 1377 4251 meminit,
1407 4151 1493 4261 quia
1524 4166 1706 4245 numeru,
1729 4142 1843 4257 pauci

190 4324 193 4329 -
341 4250 533 4362 fuerunt,
560 4269 741 4371 exiguam
769 4290 924 4373 manum
957 4268 1138 4354 nominat
1154 4266 1392 4371 Suetoniru,
1422 4258 1526 4361 haud
1554 4262 1667 4347 aliter
1693 4288 1737 4347 ac
1759 4257 1846 4351 Diu

341 4371 458 4463 tradit
486 4374 586 4458 libro
613 4374 728 4456 LVL
751 4403 855 4499 pag„
874 4387 966 4480 582.
996 4379 1105 4464 Loca
1123 4410 1143 4463 a
1165 4379 1353 4465 Romanis
1369 4405 1440 4490 per
1462 4374 1714 4473 Germaniam
1735 4372 1848 4463 inlesa

342 4490 379 4575 sa
394 4484 547 4575 silentio
567 4483 617 4570 ab
645 4482 848 4568 Historicts
873 4486 956 4573 fere
982 4492 1262 4598 praetermitti,
1293 4496 1383 4603 quia
1404 4488 1564 4577 fuerunt
1583 4513 1667 4571 non
1688 4514 1849 4601 magna:

344 4612 437 4703 ξίχον
458 4608 525 4677 τινὰ
544 4608 568 4675 ia
590 4610 725 4695 lupulae
747 4600 841 4678 aazia
861 4602 920 4674 nin
947 4607 1071 4699 ellada,
1101 4610 1160 4679 dra*
1182 4612 1220 4681 alc
1247 4638 1292 4679 aa
1322 4612 1459 4703 ἂῖτνχε
1487 4608 1694 4705 χκςοθέντᾳ,
1718 4609 1765 4675 aa
1792 4605 1849 4687 a'di

344 4730 373 4802 u
398 4725 518 4811 aaron<
536 4710 656 4819 ariao
671 4713 816 4825 lairere
840 4708 944 4801 Loca
961 4712 1149 4828 quaedam
1176 4718 1412 4817 Germaniae
1443 4716 1610 4809 Romani
1640 4711 1849 4810 tenebant,

1773 4850 1859 4911 mliv
1927 4880 1929 4893 1
