4292 5650
541 339 1107 456 :amensamens
1148 352 1525 453 Bar'ranl'urcss
1564 372 1566 376 ’
1725 374 1812 478 ³55
1853 354 1857 365 “
1896 341 1899 361 ’

310 543 475 637 termitti
494 570 515 631 a
531 538 778 658 Muntingio.
835 537 949 649 Quid
963 542 1071 629 enIm
1095 558 1174 628 tarn
1189 521 1428 629 contrarium
1448 539 1601 651 priori,
1628 565 1743 653 quem
1758 571 1810 631 ex

308 655 482 767 ejusdem
502 656 632 742 enno
645 656 747 743 libro
773 654 929 752 X'X'V,
954 678 1039 766 cap
1056 673 1097 763 ’3.
1127 652 1320 775 descripsit
1339 711 1378 763 ,„
1399 650 1427 741 11
1447 652 1576 745 sedern
1598 654 1741 741 herbae
1763 655 1807 742 id
1912 750 1915 755 ,

311 773 372 861 est
387 776 519 859 locum
541 764 713 882 spetIea’,
742 768 786 852 in
805 795 884 879 quo
902 767 1021 854 herba
1046 796 1092 853 ea
1110 777 1225 870 nata,
1256 769 1300 855 &
1316 768 1682 973 Romaniscogbnita
1705 766 1805 854 fuit?

262 989 266 997 p
310 886 370 971 Ita
386 911 553 996 namque
567 882 711 967 Plinius
726 881 827 969 libro
845 882 1056 991 XXVII.
1087 910 1170 994 cap.
1198 907 1231 966 1.
1259 880 1327 969 ubi
1343 882 1423 999 agit
1442 878 1493 979 de
1517 878 1586 963 her
1614 882 1681 981 is,
1711 910 1808 993 quae

311 998 361 1098 tb'
385 998 537 1093 'ultimis
569 994 689 1085 terris
723 992 936 1107 'asportatae
963 996 1068 1082 sunt.
1145 1000 1274 1083 Parte
1305 998 1430 1082 alterae
1454 996 1730 1079 Britannicam
1757 1015 1808 1086 ea

33 1178 42 1189 .
156 1159 161 1168 ·
244 1151 251 1162 ·
309 1109 458 1209 Oceani
479 1109 617 1225 {ostelia
627 1125 744 1199 extra
763 1110 1043 1224 terratpofitis.
1101 1110 1181 1197 Hic
1196 1108 1338 1211 docet,
1368 1108 1634 1194 Britannicam
1647 1104 1806 1194 herbam

305 1221 607 1312 eir'Britannicis
620 1224 749 1314 arsum
764 1225 882 1313 mitti.
942 1226 1029 1339 Has
1052 1223 1159 1313 enim
1180 1224 1324 1327 Inmlas
1343 1224 1513 1335 intelligi
1531 1220 1806 1331 perspicimus,
1900 1272 1907 1307 r

307 1355 468 1421 rumex
490 1337 571 1437 aliis
588 1336 777 1437 indiciis,
800 1356 885 1423 tum
901 1366 952 1424 ex
971 1365 1056 1441 eo,
1082 1333 1189 1451 quod
1210 1335 1329 1441 dicit,
1359 1364 1424 1427 eas
1440 1333 1582 1457 positas
1608 1352 1717 1425 extra
1732 1350 1808 1437 ter-¹

308 1475 397 1565 ras3
426 1469 569 1539 notum
586 1453 694 1539 enim
707 1448 805 1540 illud
821 1453 963 1542 Poetae

458 1724 463 1735 ·
497 1680 555 1767 Et
568 1683 726 1792 penitus
747 1645 827 1767 toto
843 1678 981 1790 diuisos
998 1679 1093 1766 orbe
1110 1652 1337 1769 Britannos.
1387 1628 1412 1690 “’
1445 1779 1447 1791 Ι

307 1821 621 1949 aaronem
787 1835 803 1887 -·
881 1878 886 1885 -
981 1853 987 1867 ’
1349 1862 1352 1869 ’

496 2010 555 2095 m
575 2022 657 2096 toto
675 1961 1239 2109 momentanearum.

304 2232 432 2323 'Anne
465 2252 596 2320 autem
626 2238 698 2320 alia
721 2240 860 2323 omnia
878 2236 1017 2324 docuit
1037 2235 1149 2324 idem
1163 2236 1312 2321 Plinius
1332 2232 1432 2319 llbro
1450 2229 1609 2318 XXV.
1640 2257 1721 2342 cap.
1747 2230 1807 2337 3.I

306 2346 380 2445 hie
393 2347 538 2451 enirn,
567 2351 800 2481 mirorque,
827 2350 994 2459 inquit,
1031 2353 1194 2435 mertinis
1213 2346 1376 2459 onustam
1388 2372 1406 2445 ;
1435 2348 1505 2459 nist
1523 2344 1636 2451 forte
1651 2345 1812 2455 confines

311 2459 491 2553 Oceano,
520 2460 923 2552 Britanniam-vent
937 2463 1204 2570 propinquae,
1231 2460 1423 2541 dicavere.
1482 2458 1583 2544 man·
1606 2462 1705 2539 enim
1724 2462 1812 2553 inde

306 2568 538 2682 appellatam
556 2591 663 2670 eam,
691 2568 870 2682 quoniam
886 2562 967 2666 ibi,
995 2586 1140 2677 nempe
1158 2566 1202 2679 in
1221 2568 1456 2669 Britannia,
1480 2568 1665 2764 (floriana
1691 2568 1814 2677 nasce-

308 2696 454 2782 retur,
481 2682 701 2781 etiamtum
720 2696 898 2791 tempore
917 2676 1170 2787 Germanici,
1201 2709 1295 2767 narn
1312 2678 1462 2767 subasia
1509 2708 1639 2767 emurn
1661 2682 1810 2768 aClau·

309 2790 402 2898 dio,
419 2793 560 2907 libera.
622 2792 758 2908 Negat
781 2820 878 2908 ergo
900 2792 1099 2906 prodatur
1125 2793 1168 2882 in
1192 2791 1234 2882 ld
1262 2793 1499 2910 argumentis
1527 2792 1604 2884 hoc
1627 2797 1717 2882 loco
1737 2794 1815 2880 Pli-

311 2908 429 3008 nius,
472 2901 582 3016 quod
605 2933 702 2995 mox
725 2908 846 2994 altero
867 2908 955 3021 post
975 2909 1078 2996 libro
1100 2905 1353 3010 affirmaturos
1371 2908 1456 3008 est,
1488 2911 1636 2996 allatam
1655 2937 1707 2994 ex
1728 2906 1815 2992 Bra
1840 2981 1844 2990 .
1873 2951 1876 2956 ·
2013 2997 2022 3007 ⁸

310 3020 469 3110 tannica
485 3019 606 3104 insula
628 3017 906 3108 Britannicam
963 3019 1077 3108 Nihil
1095 3021 1175 3124 est,
1204 3019 1310 3132 quod
1344 3019 1392 3108 ad
1412 3018 1713 3108 defendendum
1734 3019 1813 3104 Pli-

311 3135 425 3222 nium
447 3129 653 3247 dicamus,
681 3128 752 3220 nist
783 3154 849 3219 aut
874 3135 1146 3222 Britannicam
1177 3131 1243 3220 hic
1266 3132 1347 3222 dici
1374 3161 1535 3230 omnem
1564 3132 1728 3223 herbam
1761 3161 1813 3220 erc

312 3243 698 3346 Britannicislnsulis
720 3241 907 3348 adlatam,
937 3274 1024 3331 non
1044 3266 1174 3331 autem
1194 3247 1328 3346 illam,
1354 3275 1456 3356 ¹qum
1475 3247 1719 3357 peculiariter
1734 3245 1814 3341 hoe

313 3359 480 3448 nomine
502 3359 741 3470 appellatur,
771 3379 901 3446 natam
917 3359 962 3473 in
978 3359 1148 3474 regione
1166 3355 1372 3452 Frisiorum
1383 3351 1411 3468 ;''
1425 3380 1489 3446 aut
1509 3357 1729 3448 dormitasse
1748 3358 1814 3444 hic
1953 3391 1956 3398 ’

313 3468 508 3578 Plinium,
536 3471 582 3560 &
598 3467 772 3559 fefellisse
798 3499 890 3560 eum
910 3474 1340 3584 memoriamillorum,
1370 3503 1468 3585 quae
1484 3474 1583 3563 libro
1600 3473 1811 3560 XXVII.

312 3613 397 3697 cap.
424 3608 458 3668 1.
488 3604 580 3672 ante
598 3584 818 3698 scripserat,
856 3613 972 3698 quam
996 3589 1121 3672 virum
1141 3589 1280 3677 crebro
1305 3581 1479 3675 fefellisse
1499 3643 1514 3687 ,
1553 3605 1598 3672 ut
1627 3585 1811 3698 inopere

311 3701 452 3812 pario,
489 3698 688 3788 &rerum
716 3698 986 3800 infinitarum,
1024 3697 1372 3809 diversmunque,
1412 3699 1588 3788 mirabile
1614 3727 1699 3798 non
1730 3698 1810 3798 est,

314 3807 705 3920 animadversumque
733 3811 872 3898 crebro
905 3811 952 3901 ab
970 3813 1065 3900 aliis
1117 3811 1178 3902 Et
1204 3813 1308 3903 forte
1339 3809 1442 3922 apud
1471 3813 1564 3899 alios
1584 3815 1733 3922 legerat
1752 3809 1811 3896 vit

313 3918 565 4007 inexhaustae
599 3921 812 4026 lectionis,
848 3923 890 4011 in
919 3925 1201 4018 Britannorum
1237 3945 1339 4013 terra
1365 3942 1496 4012 natam
1535 3921 1608 4027 elle
1636 3922 1808 4008 herbam.

314 4034 424 4146 quod
454 4033 498 4120 δε
531 4061 665 4121 verum
693 4033 770 4139 est,
799 4036 992 4126 literram
1017 4043 1122 4128 illam
1150 4068 1237 4126 non
1264 4039 1472 4134 Insularnm
1494 4036 1712 4148 acceperis,
1740 4036 1809 4122 sed
1864 4137 1866 4142 y

232 4253 236 4265 ι
312 4165 463 4260 partem
482 4144 621 4238 Frffiae
638 4143 718 4233 live
743 4147 1006 4256 Germaniae,
1035 4183 1128 4242 nam
1142 4153 1405 4240 Insulanorum
1432 4177 1569 4237 eorum
1592 4152 1807 4236 nonnullos
1903 4238 1907 4248 ,

316 4260 448 4348 telleia
458 4261 582 4346 Insula
599 4263 733 4349 locum
750 4264 794 4354 &
812 4265 945 4355 sedem
970 4268 1014 4354 in
1033 4263 1151 4355 Prilia
1168 4263 1367 4376 ocmpalle
1389 4260 1629 4356 ostendimus
1655 4265 1808 4350 inDis-
1904 4349 1906 4354 ,

314 4373 483 4462 sertione
501 4403 582 4488 cap.
601 4399 641 4482 a.
655 4398 831 4493 pflgsss·
848 4379 974 4485 8146.
1001 4377 1153 4490 Lepida
1171 4379 1256 4469 sunt
1282 4380 1325 4468 81
1342 4375 1508 4486 jucunda
1530 4433 1545 4479 ,
1584 4405 1681 4488 quae
1711 4405 1808 4464 mox

315 4484 361 4567 in
380 4485 457 4568 hoe
476 4489 620 4598 Capite
639 4491 846 4600 sequuntur
864 4516 881 4589 ,·
916 4488 986 4581 sed
1010 4492 1084 4578 illis
1105 4491 1274 4600 jucunda
1297 4513 1440 4592 erunt,
1471 4492 1537 4600 qui
1561 4487 1804 4597 Goropianis

313 4594 640 4712 originationibus
658 4602 922 4698 delcetantur.
939 4608 1025 4733 lpse
1052 4635 1097 4708 ea
1122 4609 1261 4709 mitto,
1285 4607 1373 4716 quia
1401 4603 1501 4692 nllril
1527 4602 1576 4690 ad
1606 4599 1803 4686 Britanni-

307 4735 422 4850 Sams
452 4709 508 4799 0b
532 4714 698 4806 eandem
717 4718 877 4808 caullan
897 4732 1013 4812 enam
1032 4721 1159 4834 Caput
1177 4725 1229 4918 V
1256 4718 1449 4808 intactum
1471 4714 1746 4911 relinquimrffi
1760 4824 1803 4920 D
