4292 5650
464 355 1620 476 nnuurrrnuruuoo
1732 397 1814 497 na

312 549 473 652 nara.
505 552 615 645 ‘Scio
635 545 867 640 Germanici
886 567 1041 632 nomen
1060 538 1266 630 resricuill'e
1284 543 1511 630 memoriam
1534 541 1725 640 Germani
1740 543 1812 634 fra.

316 677 387 764 tris
405 667 533 759 occisr.
562 663 647 754 Sed
664 657 762 776 quid
780 656 1133 784 freterGermrnur
1149 653 1201 754 ad
1217 655 1413 780 Lucanica
1428 653 1649 744 farcimina?
1662 687 1713 745 ex
1730 660 1813 768 qui·
1846 684 1853 697 ·

316 787 390 876 bus
409 781 530 874 caussa
543 779 590 868 dr
605 779 666 862 ris
678 775 780 884 joci?
811 773 979 881 Optume
993 788 1125 854 autem
1150 787 1338 854 convemt
1366 769 1557 854 ercnrrr‘co
1577 799 1728 858 nomen
1747 773 1812 858 Ce-
1833 783 1840 802 ‘

314 905 397 989 uici
412 925 504 986 curn
517 925 539 980 a
552 890 701 1006 populo
717 906 804 972 tum
825 910 961 969 acerra
982 879 1035 967 iic
1049 879 1208 994 didium.
1260 883 1394 987 Quare
1413 878 1533 983 vide,
1561 911 1614 967 an
1634 883 1686 970 ita
1700 885 1813 996 scrip·

318 1017 410 1102 serit
425 1008 652 1121 Spartanae
668 997 726 1106 E?
739 1023 859 1112 qaum
878 997 1020 1082 &nnus
1036 993 1157 1104 (quos
1180 991 1225 1080 dr
1241 996 1356 1080 Cenat
1376 991 1631 1094 dicebant,ut
1650 997 1813 1083 Lernan-

252 1149 258 1159 ’
315 1151 437 1228 marn,
465 1122 704 1317 Bemm3
730 1113 972 1211 Britannos,
1000 1108 1213 1218 Britanna)
1246 1109 1462 1194 Germanas
1474 1104 1677 1220 subagiffat
1704 1112 1811 1196 Cani.

310 1265 401 1328 arm
679 1289 691 1311 .

374 1234 494 1436 Sada
540 1338 710 1454 lapidem
725 1335 861 1426 redeo.
920 1331 1031 1442 Quid
1049 1333 1130 1446 ipse
1147 1332 1382 1418 Antoninus
1408 1329 1588 1418 ornando
1604 1331 1725 1443 lapidi
1743 1331 1811 1420 ad·

317 1459 489 1560 diderit,
515 1458 708 1543 incertum
727 1449 805 1555 est,
834 1449 876 1536 id
894 1475 1065 1559 namque
1082 1467 1235 1556 tempus
1251 1441 1349 1532 edax
1368 1471 1499 1532 rerum
1519 1447 1635 1532 nobis
1651 1445 1810 1548 invidit,

315 1576 416 1662 olim
431 1593 562 1659 mrtem
582 1565 835 1680 perscriptum
849 1555 958 1648 firiffe
972 1577 1083 1672 puto.
1141 1558 1185 1647 Si
1204 1577 1335 1644 tamen
1362 1559 1406 1643 in
1420 1559 1533 1646 rebus
1553 1557 1717 1645 obscuris
1741 1561 1811 1648 sus·

347 1685 466 1772 ieiuni
485 1689 594 1768 loeus
613 1679 707 1803 eii,
721 1693 1051 1799 putem-coeptam
1076 1699 1178 1760 aram
1195 1673 1360 1864 reparari
1381 1700 1402 1754 a
1418 1671 1610 1781 Septimio
1632 1673 1819 1788 Severo,

402 1794 620 1882 dedicatam
644 1790 834 1897 deinceps
860 1784 1159 1895 inscriptumque
1186 1809 1208 1866 a
1262 1785 1341 1882 iro,
1378 1780 1521 1868 eodem
1542 1783 1636 1869 fere·
1655 1783 1804 1886 modo,

343 1938 398 1995 uo
416 1911 526 2018 supra
539 1899 780 1990 ostendimus
798 1926 820 1982 a
836 1896 1011 2008 Caligula
1024 1923 1111 1980 eam
1160 1892 1299 1980 riorum
1321 1889 1547 1980 destinatam
1566 1895 1634 1982 sed
1655 1925 1677 1982 a
1695 1899 1809 1983 Clau-

349 2024 387 2107 ὀ
404 2021 706 2115 consummatam
728 2009 1066 2116 consecratamque
1085 2033 1107 2092 e
1136 2033 1168 2092 e
1686 2055 1689 2062 -

372 2135 441 2220 De
457 2131 569 2216 Patre
592 2146 723 2213 autem
741 2120 942 2212 Antonini
968 2121 1163 2231 Septimio
1177 2118 1328 2206 Severo
1355 2115 1385 2204 sr
1409 2121 1651 2230 quaerimus,
1681 2117 1809 2208 smili-

313 2263 379 2334 ter
396 2246 590 2332 incertum
612 2238 668 2324 est
687 2237 862 2334 Romae,
891 2233 936 2321 in
965 2232 1190 2337 Britannia,
1221 2257 1270 2316 an
1300 2231 1345 2316 in
1365 2230 1443 2342 ipsa
1470 2228 1681 2321 Germania
1706 2234 1808 2322 hane

315 2379 420 2448 aram
428 2353 576 2444 restitui
584 2349 733 2456 luserit
744 2346 969 2435 Matthaeus
977 2343 1142 2436 Vander
1150 2345 1361 2444 Hoevenil
1376 2340 1556 2430 dubitans
1574 2347 1703 2434 scribit
1715 2377 1807 2434 eum
1980 2401 1982 2406 -

310 2489 410 2556 ante
430 2464 633 2552 Batariam
650 2455 813 2570 adiisse,
851 2483 965 2564 quam
987 2457 1032 2538 in
1052 2453 1295 2540 Britanniam
1325 2457 1622 2566 transmitteret3
1652 2482 1694 2544 tu
1714 2458 1807 2548 vide
1925 2507 1928 2514 ·

316 2582 407 2669 libri
424 2586 504 2685 ejus
525 2579 680 2685 partem
694 2571 724 2653 l.
745 2595 834 2679 pag.
855 2591 925 2675 90.
955 2565 1015 2650 At
1030 2594 1127 2656 vero
1148 2565 1207 2650 rei
1222 2565 1334 2671 hujus
1358 2567 1626 2654 auetoritatem
1646 2567 1676 2656 sr
1694 2599 1808 2681 quae·
1844 2583 1849 2590 '

314 2692 448 2797 rrs,in
464 2691 532 2774 illo
547 2685 650 2770 libro
664 2683 809 2768 nuliam
818 2679 1002 2766 invenies
1013 2735 1029 2779 ,
1041 2707 1118 2765 nec
1131 2675 1287 2764 aliunde
1302 2707 1389 2765 eam
1406 2679 1548 2766 adferri
1596 2681 1673 2770 osse
1688 2704 1812 2795 putor

315 2807 413 2920 quin
441 2803 521 2914 ipsa
549 2793 698 2884 itineris
725 2792 825 2889 ratio
847 2795 1039 2881 reclamat.
1099 2791 1219 2879 Possit
1241 2787 1371 2879 videri
1390 2793 1538 2881 restitu‘
1569 2825 1592 2883 e
1626 2828 1712 2885 eam
1737 2800 1806 2886 illo

314 2940 520 3026 tempore,
534 2936 653 3021 quum
667 2911 712 2991 in
726 2903 935 2992 Germania
955 2906 1163 3017 imperium
1184 2906 1368 3017 suscepit,
1380 2905 1508 2997 modo
1526 2936 1683 3009 verum,
1696 2896 1806 3019 quod

315 3028 542 3141 Spartianus
565 3040 759 3107 memorat
778 3020 823 3103 in
846 3027 924 3126 ejus
943 3019 1024 3102 rita
1045 3045 1128 3127 cap.
1145 3018 1224 3103 IV.
1243 3018 1287 3103 dr
1306 3021 1360 3103 V.
1390 3046 1478 3105 eum
1500 3020 1541 3103 in
1559 3019 1623 3104 illa
1640 3024 1807 3135 regione

313 3128 1104 3338 rffrffs
1120 3130 1345 3329 utri
1496 3132 1730 3331 asar

312 3284 358 3454 iii
380 3361 591 3451 Germania
610 3360 880 3471 legationem,
909 3357 972 3442 cui
994 3270 1202 3469 legationip
1203 3382 1297 3441 mox
1314 3270 1505 3470 suijungit
1515 3268 1687 3471 ,ripuaeiria
1716 3276 1805 3448 magn

311 3480 411 3569 dum
432 3476 554 3563 illics
575 3470 819 3559 Germanicis
831 3470 1055 3667 legionibus
1071 3468 1286 3579 imperator
1302 3474 1511 3669 appellatus
1528 3470 1575 3557 sit
1592 3474 1692 3583 apud
1710 3474 1803 3561 Car-

309 3614 461 3686 nutum.
517 3581 600 3677 Sed
624 3606 671 3672 ut
694 3612 831 3671 rerum
875 3604 1005 3683 arear,
1034 3580 1292 3669 vehementer
1348 3582 1485 3685 ubito,
1523 3584 1565 3669 in
1590 3585 1802 3674 Germania

311 3710 527 3801 Severum,
563 3728 654 3787 curn
673 3694 766 3782 huic
795 3692 950 3809 regioni
974 3689 1189 3804 praeesset,
1219 3688 1448 3803 auspicatum
1476 3694 1550 3805 effe
1572 3690 1800 3809 imperium,

309 3824 570 3923 maioremque
587 3810 708 3897 fidem
722 3810 851 3897 habeo
872 3808 1001 3897 Dioni
1026 3804 1072 3891 dr
1092 3802 1323 3892 Herodiano
1340 3834 1389 3893 ea
1402 3808 1680 3911 scribentibus,
1712 3838 1796 3899 non
1859 3860 1861 3865 ·

309 3956 408 4042 quae
429 3959 448 4015 a
469 3927 660 4041 prioribus
687 3941 953 4035 acceperant,
988 3916 1057 4006 sed
1084 3946 1183 4030 quae
1206 3914 1275 4029 ipfi
1304 3917 1508 4022 viderant,
1539 3942 1644 4008 certe
1671 3944 1797 4013 aetate

309 4049 373 4133 sua
388 4042 496 4157 gesta
510 4060 631 4127 erant.
686 4040 744 4123 lta
761 4056 893 4123 autem
912 4028 1162 4119 Herodianus
1192 4030 1448 4119 Historiarum
1475 4035 1575 4121 libro
1596 4036 1642 4120 ll.
1660 4064 1741 4145 cap.
1758 4064 1797 4145 9.

307 4171 424 4261 ll‘yrirr
440 4165 600 4257 finieras
617 4160 729 4232 emsa·
753 4157 843 4250 (tirsi
855 4156 919 4248 resp
933 4155 970 4247 ὦ
984 4156 1061 4231 aim
1077 4148 1204 4243 iirrr'qr)
1217 4153 1367 4245 Σιβὴρθ·
1376 4149 1449 4249 airrip
1467 4156 1496 4223 ri
1510 4155 1567 4248 pir
1581 4152 1684 4247 γένθ·
1694 4156 1803 4233 Assar.

309 4279 497 4364 Prueerat
518 4284 647 4356 autern
675 4267 960 4372 Pauuourrs
989 4260 1180 4373 univerfis
1196 4260 1313 4368 (nam
1334 4265 1446 4344 unius
1468 4262 1708 4369 regebantur
1727 4268 1798 4347 im-

181 4470 191 4477 .
304 4391 442 4501 perio)
461 4390 631 4471 Seuerus
654 4379 812 4493 quidam
828 4399 972 4486 genere
981 4368 1168 4481 Asin&
1183 4400 1280 4455 mox
1300 4370 1441 4472 tradit,
1466 4372 1794 4485 quemadmodum

309 4500 355 4583 in
378 4498 592 4585 Pannoniis
616 4492 836 4600 Principem
862 4486 1020 4601 egerit,
1060 4505 1175 4593 atque
1201 4484 1273 4569 illis
1305 4480 1446 4573 relidis
1465 4484 1608 4571 ltaliam
1626 4490 1792 4599 petierit.

171 4636 175 4641 ’
309 4606 572 4722 Depromiiile
593 4628 722 4693 autern
741 4604 839 4689 haec
857 4598 1014 4685 ridetur
1034 4625 1084 4682 en
1100 4598 1232 4698 libris,
1248 4596 1345 4709 quos
1363 4598 1441 4707 ipse
1456 4602 1623 4687 Severus
1643 4598 1693 4685 de
1714 4600 1794 4685 vita

155 4732 183 4841 f
233 4792 239 4799 -
308 4726 374 4816 sua
395 4720 615 4834 scripserat,
644 4745 809 4833 quorum
824 4716 867 4805 in
883 4713 963 4806 hoc
980 4713 1106 4831 capite
1124 4710 1317 4908 melurinit.
1347 4710 1574 4831 Pannonios
1598 4712 1662 4797 hic
1680 4712 1795 4798 Paea-

908 4848 921 4861 ’
1375 4892 1377 4899 1
1595 4854 1602 4863 ·
1685 4850 1794 4911 xnas
1843 4868 1853 4873 ·
