4292 5650
313 257 411 363 lita
536 181 1599 339 oaaaasmosaa‘mussermann
1742 258 1748 265 ·
1855 206 1862 215 ’

313 403 505 543 pumirs.
529 424 582 511 de
599 449 692 511 cum
718 393 880 509 Genesis
908 392 1172 535 scriptoribus
1195 419 1428 529 contende,
1449 384 1829 546 ‘inteihgm‘mmmJ

325 568 393 631 me
411 566 504 625 vera
518 532 718 627 monuisse.
779 539 854 625 Per
879 529 1143 627 barbarorum
1168 540 1409 651 irruptiones
1439 542 1715 657 cognitionem
1741 541 1828 631 Brl·

325 654 510 743 tronione
531 646 683 765 periisse
705 651 896 739 Romanis
914 679 1049 739 verum
1065 638 1259 754 arbiola,
1288 648 1361 739 nili
1381 672 1512 741 tamen
1531 654 1578 741 hi
1595 658 1767 779 plantam
1784 658 1830 748 in

177 775 192 787 ‘
324 770 478 859 Italiam
500 764 664 875 aliasque
679 792 721 849 re
752 765 868 863 iones
886 761 1042 852 dudum‘
1055 786 1147 854 ante
1162 764 1423 867 traduxerant.
1482 765 1606 855 Frisiis
1635 791 1766 859 autem
1781 760 1831 859 fi·

262 960 267 988 ,
325 882 471 971 militer
496 874 650 991 periisse
674 878 718 963 δι
768 880 906 965 arbaris
931 882 975 966 in
1006 877 1161 967 Frisiam
1191 876 1491 995 adventantibus
1521 884 1703 999 ignotam
1719 874 1830 971 sullis
1885 945 1891 955 -

323 1019 413 1083 non
435 992 603 1079 arbitrer.
650 992 760 1078 Nam
773 994 880 1078 usum
903 1003 983 1101 ejus
996 990 1592 1106 postdisceil'umRomanorum
1608 1002 1832 1085 malacon-

207 1160 215 1169 ,
327 1112 437 1195 tinua
454 1109 729 1209 retinuerunt,
755 1134 874 1218 qrrem
898 1108 942 1194 δι
963 1126 1054 1193 ante
1076 1105 1345 1197 Romanorum
1362 1104 1579 1198 adventum
1601 1108 1826 1199 docueram.

327 1220 412 1311 Sed
428 1222 701 1337 cognitionem
721 1228 800 1325 eius
820 1220 865 1307 &
881 1224 991 1307 usum
1004 1218 1185 1308 interiisse
1201 1228 1320 1333 plane
1334 1252 1405 1335 per
1424 1225 1486 1311 illa
1500 1245 1680 1337 tempora
1703 1247 1829 1337 puto,

325 1365 419 1423 cum
444 1330 647 1419 Priscae&
672 1331 926 1421 finitimarum
944 1336 1153 1448 regionum
1182 1340 1321 1449 populi
1341 1334 1526 1426 Medicos
1542 1338 1831 1451 Hippocraticia

325 1447 463 1537 studiis
494 1448 707 1535 innutritos
734 1444 923 1535 adhibere
950 1470 1196 1563 coeperunt,
1227 1452 1293 1563 qui
1315 1474 1380 1538 aut
1407 1454 1536 1567 ignari
1553 1452 1830 1551 Britannicae,

330 1584 397 1651 aut
419 1561 537 1647 etiam
552 1556 787 1662 domestica,
816 1562 1019 1647 communi
1036 1560 1278 1649 eruditorum
1298 1566 1432 1669 vitio,
1463 1587 1649 1676 tanquam
1669 1568 1832 1675 protrita

329 1680 376 1765 δι
392 1676 564 1873 vulparia
583 1668 789 1785 despicati,
812 1696 954 1794 'extera
977 1676 1020 1761 δι
1042 1677 1278 1791 peregrina,
1307 1680 1390 1790 ipso
1418 1680 1583 1782 nonum
1603 1680 1614 1763 i
1647 1696 1748 1765 noto
1765 1701 1832 1763 ve·

329 1818 453 1877 neran
486 1818 528 1889 a,
544 1784 594 1872 ad
618 1788 823 1898 arrcupium
843 1788 969 1875 lamae
988 1787 1092 1899 apud
1112 1792 1276 1903 vulgum
1292 1790 1332 1875 in
1350 1785 1547 1879 honu'rein
1566 1788 1614 1877 ad
1697 1810 1835 1893 emnt,

329 1900 474 1991 aelidis
502 1900 726 2015 vulgaribus
755 1898 882 1987 herbis
904 1902 1044 1989 vetulis
1061 1902 1109 1987 iis
1134 1902 1338 1989 &rusticis
1358 1905 1664 2008 medicantibus,
1695 1904 1761 2017 qui
1782 1903 1833 1989 ad

331 2012 591 2127 depellendos
614 2008 856 2125 epidemicos
878 2016 1040 2102 morbos
1071 2044 1158 2103 non
1177 2016 1251 2102 nisa
1275 2016 1503 2104 domesticas
1527 2019 1689 2120 herbas,
1718 2016 1761 2103 id
1778 2014 1833 2101 est

332 2131 374 2217 in
389 2128 511 2242 patria
532 2146 664 2231 natas,
695 2128 911 2242 colligunt,
929 2127 976 2212 ad
995 2130 1221 2216 miraculum
1241 2134 1355 2243 usque
1369 2130 1512 2217 validas
1533 2132 1707 2242 saepe&
1727 2153 1836 2241 prae·

331 2244 587 2351 sentesaquas
609 2240 654 2325 δι
676 2240 956 2351 praesentiores
981 2238 1066 2327 fore
1084 2262 1221 2353 putem
1252 2246 1296 2327 in
1316 2240 1535 2345 divitibus,
1565 2238 1743 2327 sanouae
1763 2268 1834 2439 pu-
1957 2319 1966 2335 ,

1780 2374 1836 2439 tes

333 2360 396 2447 lae
419 2356 582 2469 ingenia
600 2352 660 2450 his
679 2382 765 2442 non
786 2384 917 2442 novos
940 2354 1100 2441 morbos
1125 2374 1322 2454 crearent,
1341 2372 1404 2437 aut
1421 2352 1576 2437 Medici
1593 2357 1648 2437 illi
1672 2378 1761 2467 agre

237 2506 240 2514 ¹
335 2490 416 2557 arte
434 2468 675 2553 curationem
694 2488 910 2579 temperare
931 2466 1133 2551 discerent.
1166 2469 1318 2551 Venrm
1344 2462 1558 2573 hujusmodi
1590 2494 1687 2577 quae
1714 2468 1835 2569 sunt,
1958 2557 1966 2569 ¹
2123 2500 2124 2521 ÷

322 2582 427 2671 'viris
443 2580 740 2668 consultioribus
760 2577 981 2666 arbitranda
999 2579 1227 2664 transmitto.
1834 2637 1837 2652 .

393 2696 517 2798 Pio.
547 2694 582 2777 C
589 2694 647 2779 Ll
661 2694 715 2777 X.
774 2692 940 2807 ejusque
962 2697 1054 2777 neri
1063 2690 1163 2803 firm
1187 2696 1463 2782 commentarii.
1523 2692 1622 2779 Non
1643 2718 1750 2807 nego
1770 2718 1836 2776 vo-

300 2817 303 2822 ’
336 2838 402 2900 roa
429 2804 505 2898 elle
538 2806 696 2924 hpuleji
718 2805 869 2914 alicujus
890 2804 1214 2909 commentarios,
1245 2806 1401 2918 Apuleji
1417 2829 1548 2892 tamen
1568 2799 1836 2890 Medaurenlis

329 2924 447 3028 else,
478 2941 592 3034 atque
622 2930 728 3029 ejus,
759 2925 828 3033 qni
852 2919 966 3010 nobis
993 2916 1370 3032 Metamorphosesin
1390 2917 1507 3006 libros
1534 2919 1578 3006 dt
1597 2918 1839 3032 Apologiam

341 3040 489 3149 aliaque
491 3035 657 3234 (peliquit
677 3093 692 3136 ,
719 3064 805 3121 non
825 3036 979 3148 opinor.
1036 3033 1209 3148 Exposui
1238 3021 1377 3122 dehac
1397 3061 1439 3119 re
1461 3032 1692 3118 sententiam
1710 3056 1840 3121 meam

429 3181 488 3235 aa
568 3158 742 3237 a.18.
1103 3186 1107 3192 ·
1601 3163 1606 3172 “

337 3151 618 3348 Ἦείυξιξ
644 3174 861 3348 Bistonica
879 3259 1015 3371 hocas}
1042 3261 1132 3348 beta
1160 3262 1312 3362 altera,
1331 3259 1475 3369 scilicet
1495 3265 1643 3370 nigra.·,
1656 3259 1719 3345 En
1736 3251 1841 3342 aliud

339 3376 594 3462 Britannicae
626 3393 793 3486 etymon
816 3375 862 3458 ab
880 3373 1052 3484 Apuleio
1065 3369 1285 3486 profesium
1304 3432 1318 3474 ,
1350 3373 1555 3458 Bratanica
1578 3371 1719 3457 dicitur
1740 3364 1841 3481 quali

222 3505 234 3532 ‘
340 3491 437 3576 beta
454 3492 583 3574 alter‘a.
624 3487 727 3589 Quis
743 3513 796 3570 ne
829 3506 868 3571 et
884 3486 962 3572 hoc
985 3483 1150 3604 dignum·
1169 3488 1346 3572 acumine
1361 3485 1581 3612 Philosophi
1603 3483 1864 3601 Marianam-³

338 3599 426 3704 iis,
467 3599 638 3687 hominis
669 3596 776 3685 dosii
811 3603 912 3684 ami?
944 3601 1035 3686 Sir
1065 3601 1197 3687 deleas
1223 3603 1266 3688 in
1293 3601 1539 3710 primavocrs
1565 3618 1702 3708 parte,
1732 3587 1843 3680 facile

338 3715 441 3803 'inde
465 3713 558 3800 beta
580 3711 713 3799 exibit.
743 3714 858 3800 restat
890 3741 941 3800 en
972 3708 1118 3800 cadem·
1135 3743 1236 3802 uoce
1257 3719 1346 3800 nica
1370 3731 1433 3798 aut
1459 3711 1597 3812 unici,
1622 3705 1746 3821 sedin
1770 3732 1846 3821 qua

344 3833 478 3948 lingua
503 3827 600 3914 illud
625 3831 785 3912 alterum
810 3827 1023 3943 significet,
1041 3857 1211 3939 quaero
1269 3830 1312 3914 Si
1346 3825 1495 3912 constat
1523 3823 1719 3912 audore‘m
1740 3822 1845 3922 stunc

347 3941 626 4052 Philosophum
657 3939 798 4042 lirillc,
830 3969 877 4026 ex
907 3941 985 4028 hoc
1004 3971 1087 4052 amo
1106 3969 1195 4028 eum
1217 3941 1440 4026 Stoicorum
1467 3940 1685 4050 praeceptis
1707 3931 1846 4052 forma·

345 4073 433 4141 'tmn
451 4056 658 4152 dicerem,
688 4083 853 4164 quorum
868 4056 1035 4167 ineptias
1059 4083 1143 4170 non
1163 4051 1355 4143 dilloniles
1379 4055 1476 4137 olim
1491 4051 1637 4138 Cicero
1655 4046 1745 4137 riht.
1803 4137 1815 4149 ,

406 4170 615 4256 lainam.
675 4165 922 4286 Danrasmion
947 4172 1015 4258 oei
1042 4168 1298 4286 Darnafincoa.
1356 4160 1489 4286 Credo
1508 4164 1678 4272 ‘herbam
1704 4156 1848 4274 signifi·

348 4279 426 4367 cari
440 4336 456 4380 ,
492 4307 605 4394 quam
629 4275 771 4364 Plinius
795 4283 892 4370 libro
915 4278 1072 4370 XXV..
1102 4308 1183 4393 cap.
1209 4307 1271 4367 10.
1332 4275 1598 4391 Dioscorides.
1617 4266 1739 4362 Libro
1768 4275 1848 4362 ΙΙΙ

347 4391 689 4594 capp69i'leliique
711 4389 861 4520 Medici
877 4396 1147 4482 Damasonion
1164 4398 1384 4484 nominant.
1416 4390 1549 4492 Addit
1567 4387 1732 4490 Plinius,
1751 4409 1852 4475 non·

354 4539 406 4596 nu
436 4535 467 4592 as
491 4535 538 4593 ar
595 4531 840 4590 anommarr.

410 4623 465 4712 ln
483 4643 626 4709 roam
645 4621 770 4712 Italis.
827 4619 919 4724 uon
945 4617 1068 4732 modo
1086 4622 1209 4714 locuti
1228 4621 1315 4746 liant
1334 4623 1488 4720 seriores
1507 4618 1748 4734 Scriptores,
1765 4633 1854 4700 cum
1943 4684 1946 4690 .

429 4801 437 4812 .
1006 4792 1012 4798 -
1063 4765 1080 4776 ··
1740 4755 1855 4818 -una
