4292 5650
622 306 829 431 148
998 285 1101 391 n
1172 288 1265 388 E
1398 284 1480 386 B
1552 284 1644 385 R
1718 283 1759 383 1
1828 280 2427 385 T'T‘EN
2493 278 2577 385 Β
2651 284 2750 398 υ,
2819 275 3343 391 meo:

748 486 1007 573 Gestit
1049 514 1263 571 nunc
1310 484 1607 571 animus
1649 510 1794 595 per
1831 489 2344 570 monumenta
2400 479 2695 596 ssn'gula
2721 482 2866 568 ‘ire
2888 540 2918 585 ,
2976 485 3060 569 in
3095 485 3639 605 Brittenburgi

639 603 886 688 ruinis
929 603 1294 699 inventa,
1350 622 1681 709 quorum
1716 599 2097 683 nonnulla
2131 596 2218 681 in
2264 596 2418 682 hoc
2452 622 2692 707 opere
2728 598 3009 794 tetigi,
3073 601 3256 703 alia,
3317 606 3494 713 quia
3528 609 3642 692 lo-

640 744 780 803 cua
816 743 985 803 non
1018 734 1229 815 erat,
1269 716 1499 823 plane
1534 711 1944 819 praeterii.-
1985 713 2295 795 Verum
2335 709 2675 809 novisti,
2711 712 2847 794 Do
2931 711 3178 799 isfime
3212 716 3423 801 Loni
3449 774 3478 818 ,
3519 745 3645 809 me

641 832 731 916 in
769 857 868 915 co
914 855 1091 913 cum
1128 825 1466 912 maxime
1502 820 1651 908 ess‘e
1692 844 2155 934 occupatum
2179 879 2209 924 ,
2265 844 2357 907 ut
2393 851 2896 934 quaecunque
2927 850 3447 916 monumenta
3478 829 3647 920 Ro·

643 970 1052 1030 manorum
1086 941 1171 1024 in
1210 936 1536 1023 Batavia
1577 936 1666 1023 &
1702 936 2082 1047 proximis
2133 937 2587 1052 reglonibus
2647 935 2890 1023 hodie
2933 934 3217 1024 durant
3256 998 3287 1042 ,
3363 963 3494 1031 aut
3546 945 3648 1033 ad

646 1059 966 1142 avorum
1006 1072 1337 1140 aetatem
1374 1049 1788 1152 durarunt,
1817 1049 1906 1135 ὅτ.
1944 1050 2182 1150 nobis
2224 1050 2317 1135 ab
2353 1048 2476 1141 his
2513 1051 2686 1136 sunt
2725 1047 3049 1156 tradita,
3074 1055 3482 1167 colligam,
3520 1059 3649 1145 ad·
3768 1062 3779 1073 '

643 1167 1184 1257 notationibus
1220 1160 1694 1265 dilucidem,
1756 1164 2254 1277 originesque
2294 1163 2382 1247 δι
2414 1159 2575 1268 fata·
2605 1166 3008 1265 locorum,
3066 1186 3445 1278 quantum
3475 1171 3645 1259 fieri

644 1282 907 1396 potest
927 1339 957 1384 ,
1015 1278 1209 1366 inde
1255 1305 1535 1365 eruam.
1654 1279 1924 1382 Quare
1962 1278 2183 1362 satius
2234 1273 2384 1361 effe
2424 1272 2657 1378 duxi,
2717 1276 3113 1366 uberiores
3156 1283 3650 1395 reliquiarum

646 1394 1458 1509 Brittenburgicarum
1502 1390 2107 1476 commentarios
2160 1388 2565 1475 extrahere
2605 1391 2692 1473 in
2722 1388 2918 1476 illud
2950 1395 3369 1500 volumen,
3434 1398 3651 1511 quod

652 1508 762 1597 de
801 1508 1164 1598 omnibus
1204 1499 1560 1614 antiquae
1596 1504 1959 1588 Bataviae
2002 1504 2536 1591 monumentis
2579 1502 2963 1589 Romanis
3000 1504 3362 1594 meditor.
3421 1513 3652 1600 Non·

654 1626 914 1709 nullos
961 1618 1313 1733 lapidum
1353 1612 1831 1704 vetustorum
1870 1615 2139 1700 titulos
2197 1614 2392 1700 mihi
2438 1616 2527 1726 in
2567 1616 2771 1700 hanc
2830 1645 2998 1706 rem
3028 1620 3558 1731 suppeditatos
3608 1656 3665 1724 a&

655 1755 742 1821 te
783 1754 1048 1852 gratus
1096 1733 1458 1849 agnosco.
1577 1727 2038 1844 Symbolam
2081 1729 2317 1815 etiam
2356 1728 2478 1813 alii
2524 1731 3073 1833 contulerunt,
3134 1762 3461 1844 quorum
3496 1768 3657 1825 me-

654 1849 984 1937 ritorum
1021 1847 1401 1935 ut‘testata
1434 1844 1529 1931 fit
1561 1842 1937 1930 memoria
1971 1838 2233 1928 sedulo
2281 1841 2589 1927 curabo.
2688 1841 2824 1928 Tu
2868 1856 3122 1931 autem
3159 1850 3505 1935 nominis
3535 1849 3664 1937 tui·

659 1960 945 2049 samam
986 1961 1525 2048 inmortalibus
1589 1956 1876 2068 {criptis
1926 1952 2364 2041 extendere
2414 1982 2688 2071 perge.
2805 1958 3119 2049 Dabam
3174 1960 3653 2060 Aruhemiae

660 2075 772 2167 A.
812 2077 925 2167 D.
981 2102 1118 2167 vl.
1163 2072 1279 2164 Id.
1312 2072 1622 2191 Januar.
1678 2091 2514 2168 croroccxxxru.
3515 2116 3524 2124 ·

3327 4599 3698 4753 HENss
3754 4579 3780 4596 ’
