4292 5650
466 309 1814 490 nnunrrnnuauuoojma

287 555 487 651 τᾶηωὶὅζαν
501 553 682 658 όψᾶἣθ..
713 553 881 659 {491pr
900 555 936 647 ’ὃ
952 553 1005 628 1¹⁸5
1021 556 1159 647 mylen·
1176 555 1328 651 ntlgyutj'
1342 553 1449 648 Erip&
1465 557 1485 650 ff
1499 557 1641 647 μείζονας
1662 559 1706 628 i'cr
1724 556 1742 640 ιῖ
1756 557 1807 649 ἦ·

245 716 250 724 .
284 681 420 772 πόρνη,
472 677 645 768 xagreq‘prre
663 669 726 744 u'oi'r
744 679 773 744 tc
788 673 906 738 walada
925 666 1093 762 u’yatyrirrr
1110 673 1197 740 ionii
1219 671 1341 741 curtile
1362 667 1535 762 (ἓμνημεῖα
1553 677 1578 740 ἓ
1597 673 1673 743 riolci
1688 671 1789 743 πίνων.
1828 674 1835 692 ‘

217 785 221 791 ’
290 779 348 870 Ei
365 785 439 872 loci
455 781 573 885 diuidi
593 797 668 892 per
684 780 830 869 ordines
846 786 1021 867 crocian
1043 778 1234 863 duodecim
1263 801 1356 862 aras
1379 783 1516 862 extrui
1530 779 1670 889 jobet,
1699 784 1789 874 alti·

289 899 422 984 tudine
467 894 590 980 uidem
611 895 792 976 maximis
810 893 996 976 turribus
1012 908 1156 1002 pares,
1180 891 1411 990 latitudine,
1441 918 1557 1002 quam
1576 919 1675 1004 quae
1699 909 1788 978 tur-

290 1017 397 1095 rium
414 923 486 1108 cd,
517 1009 673 1117 majam
691 1067 698 1077 .
731 1005 885 1111 Quibus
903 1006 993 1089 Diis
1005 1010 1162 1112 gratias
1176 1005 1341 1113 agebat,
1370 1005 1472 1116 quod
1484 1005 1600 1114 ipsum
1617 1029 1658 1088 eo
1677 1007 1788 1119 usque

246 1152 252 1165 ·
289 1119 478 1208 uiliorem
491 1118 781 1231 perduxiſjcot,
807 1115 864 1219 ἐφ’
886 1118 1062 1202 laicorum
1075 1115 1239 1224 juncum
1262 1132 1504 1201 monuoceuta
1537 1119 1784 1226 consecrabat.

291 1235 427 1344 Atque
454 1233 547 1316 hinc
574 1234 640 1316 lux
663 1227 885 1315 adfunditur
913 1229 1158 1316 vexatillimis
1192 1221 1409 1314 Alexandri
1441 1228 1582 1342 Magni
1618 1231 1790 1314 nummio

178 1350 180 1353 ’
292 1345 465 1446 duobus,
496 1343 721 1456 quiPatini,
751 1344 982 1458 Eggelingii
997 1345 1233 1452 aliorumque
1253 1343 1417 1452 ingenia
1433 1355 1711 1442 exercuerunt,
1744 1344 1789 1428 ba

289 1459 395 1544 lraud
408 1461 461 1542 ita
478 1455 630 1568 pridem
652 1457 938 1541 commentariis
956 1453 1120 1566 expoliti
1134 1457 1222 1540 sunt
1242 1485 1262 1539 a
1283 1457 1341 1540 Cl.
1355 1455 1623 1565 Havercampo
1642 1456 1685 1538 in
1704 1455 1789 1540 Dis·

289 1572 557 1658 sectationibus
573 1567 623 1654 de
641 1569 860 1654 Alexandri
874 1569 1019 1683 Magni
1036 1570 1275 1656 Numismate
1288 1626 1302 1669 ,
1315 1585 1359 1652 ut
1372 1566 1415 1654 bc
1431 1565 1483 1653 de
1506 1570 1674 1654 nummis
1695 1589 1799 1654 con·
1827 1629 1831 1648 .

222 1697 230 1712 '
290 1686 466 1771 tornutio
484 1679 585 1768 Tab.
608 1686 697 1769 l.·n.
718 1709 752 1766 1.
771 1683 815 1768 &
835 1710 872 1764 2.
901 1683 943 1764 in
977 1682 1116 1789 quibua
1137 1680 1235 1766 duae
1261 1709 1373 1780 arae,
1402 1678 1482 1766 five
1505 1683 1710 1767 columnae
1740 1680 1790 1768 ad

291 1792 592 1910 lignificandum
620 1796 823 1903 utriunque
845 1791 981 1876 orbem
1007 1787 1140 1874 Afiam
1159 1791 1202 1898 bc
1223 1793 1419 1900 Europam
1440 1794 1510 1902 (in
1532 1795 1600 1877 bac
1621 1823 1790 1906 namque

293 1908 389 1993 duaa
406 1927 535 2018 partes
563 1926 749 1989 terrarum
772 1903 962 1988 ambitum
992 1899 1283 2016 distinguebant
1302 1903 1442 2002 Prisci)
1468 1901 1541 1988 elle
1562 1903 1607 1989 ab
1626 1933 1675 1992 eo
1702 1935 1789 2016 per-
1868 1943 1871 1946 ·

292 2037 468 2136 agrotum
485 2017 529 2104 δι
547 2015 754 2103 domitum.
784 2017 980 2100 Nummos
1002 2015 1076 2100 hos
1092 2019 1198 2126 snpra
1221 2015 1585 2119 exhibuimus,cide
1596 2017 1792 2118 Tabulam

291 2153 463 2247 pag.95.
494 2131 661 2230 Cetera,
692 2142 790 2240 quae
810 2129 859 2213 ad
888 2127 962 2213 bos
980 2155 1164 2218 nummos
1194 2125 1439 2214 illustrandos
1463 2135 1690 2240 pertinent,
1720 2130 1792 2216 du-

289 2243 386 2330 dum
408 2244 523 2331 nobis
545 2246 589 2327 in
617 2241 767 2328 schedis
789 2262 942 2327 exarata
959 2251 1100 2350 jacent.
1159 2241 1394 2328 Alexander
1413 2270 1580 2353 namque
1602 2272 1686 2329 non
1708 2263 1793 2330 tan·

227 2436 233 2452 ,
292 2379 378 2443 tum
398 2355 445 2440 ad
465 2359 676 2442 Orientem
700 2383 782 2440 aras
797 2356 949 2453 erexit,
980 2353 1245 2463 expeditionis
1271 2356 1315 2439 δι
1337 2353 1585 2440 νίἇὶοτίετυιη
1606 2376 1728 2442 metas
1749 2359 1792 2444 &

292 2487 576 2567 monumenta,
605 2467 672 2549 sed
688 2468 731 2550 Sc
744 2469 786 2549 in
806 2469 964 2576 Europa
979 2465 1029 2549 ad
1048 2464 1316 2552 Occidentem
1335 2467 1714 2580 &Septentrionem
1735 2470 1795 2558 iu·

292 2587 351 2667 tia
371 2600 555 2690 extraque
576 2576 774 2678 Tanaim,
804 2578 872 2664 ubi

482 2755 602 2873 Astoc
620 2767 759 2841 metam
775 2754 901 2868 peficit
915 2771 1060 2841 natura
1070 2757 1251 2870 potentis.

148 2968 151 2974 ·
292 2935 336 2999 ut
352 2916 457 2997 canit
472 2913 653 2997 Manilius
678 2914 779 3000 libro
794 2917 877 2998 IV.
908 2944 1026 3026 quare
1046 2944 1135 3001 eum
1154 2931 1371 3003 extructum
1388 2912 1482 3001 dicit
1503 2916 1791 3002 HoratiusCar-

70 3100 78 3107 .
292 3024 446 3111 ininum
474 3025 574 3109 libro
593 3025 671 3109 lll.
697 3023 776 3110 ode
805 3050 865 3109 10.
904 3029 948 3111 bc
977 3034 1186 3113 terminum
1210 3031 1393 3109 Gentium
1417 3029 1561 3113 Florus*
1578 3030 1681 3115 libro
1710 3032 1790 3115 lll.

292 3168 374 3249 cap.
394 3141 432 3225 6.
462 3136 546 3221 istic
561 3138 666 3222 enim
683 3134 732 3221 ad
752 3137 951 3247 Riphaeos
971 3163 1127 3223 montes
1150 3138 1193 3223 in
1211 3137 1397 3224 Sarmatia
1418 3141 1599 3250 Europen
1620 3141 1792 3229 Alexan-

294 3251 355 3337 dri
371 3278 452 3337 aras
475 3250 641 3335 collocat
658 3250 927 3350 Ptolemaeus,
956 3250 1064 3337 unde
1081 3249 1185 3335 hand
1201 3254 1324 3363 longe
1348 3251 1480 3337 absunt
1494 3254 1661 3339 Caesaris
1678 3284 1789 3359 arae,
1913 3348 1921 3359 ,

256 3460 260 3468 ,
294 3384 409 3473 atque
436 3360 483 3448 ad
507 3374 665 3454 montes
685 3361 876 3473 Ilippicos
906 3363 948 3447 in
968 3366 1204 3449 Suranorum
1233 3364 1398 3477 regione
1419 3368 1629 3453 Sarmatiae
1648 3366 1790 3454 Astati-

293 3482 373 3561 cie.
431 3474 587 3561 Auctor
606 3475 758 3561 tabulae
780 3478 984 3586 antiquae,
1014 3506 1130 3589 quam
1151 3480 1192 3561 in
1211 3476 1534 3591 Peutiugerorum
1557 3480 1715 3568 aedibus
1730 3484 1790 3568 in·

291 3609 453 3677 ¹ventam
469 3592 648 3676 Vellerus
670 3586 818 3690 edidit,
848 3589 898 3673 ad
917 3619 1072 3675 amnem
1090 3594 1227 3675 Oxum
1246 3592 1384 3700 ponit,
1415 3595 1541 3703 quiin
1557 3594 1670 3683 Mare
1685 3596 1789 3709 Hyr·
1808 3592 1824 3605 ’

293 3704 433 3785 canum
452 3702 613 3801 influit,
652 3701 695 3787 δι
718 3704 805 3787 alias
830 3702 897 3787 sub
923 3721 1100 3801 extremo
1128 3704 1329 3805 Oriente,
1366 3705 1467 3804 ubi,
1507 3705 1604 3791 baec
1631 3706 1788 3809 videas,
1923 3796 1931 3815 ,

294 3800 526 3902 Alexander
543 3816 750 3923 relponficm
761 3819 914 3925 accepit.
930 3813 1043 3927 usque
1058 3840 1132 3928 poc
1148 3816 1388 3903 Alexander.
1419 3818 1612 3903 Praeclara
1624 3820 1667 3901 in
1684 3818 1788 3905 hanc

82 4010 90 4017 ,
293 3955 379 4012 rem
399 3926 512 4027 srmt,
543 3953 638 4035 quae
663 3926 713 4011 de
737 3928 803 4009 nsu
820 3925 897 4012 hoc
915 3929 1174 4040 antiquiffimo
1194 3958 1339 4025 ararum
1362 3932 1702 4041 columnarumque
1716 3930 1787 4019 dis·

250 4058 262 4069 '
292 4040 383 4126 serit
405 4038 545 4124 Strabo
578 4037 679 4123 libro
698 4038 777 4122 lll.
804 4067 894 4153 pag.
921 4062 1010 4146 170.
1033 4042 1077 4127 &
1108 4064 1196 4146 171.
1249 4040 1330 4137 Sed
1354 4046 1463 4127 locus
1495 4046 1683 4154 prolixior
1709 4044 1786 4149 est,

294 4180 408 4264 quam
430 4171 474 4235 ut
492 4150 556 4237 bic
573 4150 779 4262 inseratur,
806 4153 849 4237 in
871 4181 951 4263 quo
971 4153 1225 4241 &Bacchum
1244 4157 1339 4239 olim
1358 4154 1564 4241 istiusmodi
1584 4160 1786 4245 columnas

292 4261 452 4378 'posuille
470 4284 660 4351 memorat
675 4258 725 4348 in'
738 4266 800 4349 sua
818 4263 867 4349 ad
884 4262 1003 4349 ludos
1023 4265 1290 4377 expeditione.
1332 4264 1472 4355 Refert
1491 4271 1534 4355 δι
1554 4269 1627 4355 huc
1641 4271 1788 4361 Philae-

290 4405 437 4463 norum
460 4374 609 4467 ararad
626 4380 785 4490 Syrtem
801 4385 984 4479 majorem
1007 4376 1184 4487 (Aublor
1200 4378 1441 4467 Tabularum
1458 4384 1688 4473 vetustarum
1708 4390 1785 4492 ita,
1871 4384 1883 4397 “

293 4492 657 4579 crac-Rbitenorom
676 4489 776 4599 fines
792 4492 961 4598 Africae
977 4490 1033 4594 &⁹
1053 4494 1335 4606 Oreueustum,
1365 4492 1431 4579 sed
1452 4496 1626 4607 scriptura
1655 4501 1782 4587 minis

290 4597 526 4700 emendata,
556 4599 885 4721 quemadmodum
911 4604 954 4697 tc
975 4604 1175 4689 infinibus
1197 4610 1332 4721 Syriae
1360 4613 1496 4693 Areae
1515 4612 1625 4697 Fines
1644 4612 1782 4697 noma·
1818 4626 1822 4631 ’

297 4741 459 4848 norunt,
479 4713 543 4799 led
566 4714 733 4826 emenda
750 4722 872 4805 Arae.
896 4722 1002 4833 ‚mne
1023 4724 1144 4913 etiag
1158 4720 1257 4810 Aras
1277 4720 1550 4838 Plataearum
1566 4721 1611 4811 ad
1624 4728 1781 4843 Syrtem
1814 4774 1819 4779 -

205 4865 208 4869 ·
1502 4916 1507 4920 .
1650 4860 1781 4921 mino-
