4292 5650
434 263 1783 462 nnnarrnnuuunoo·n7

278 535 323 623 sn
345 533 394 621 ab
411 532 578 616 Oceano
601 545 674 619 ant
695 551 899 620 rremrrurn
922 525 1086 612 crruaulir
1109 523 1365 616 conseruatae
1390 535 1476 612 non
1499 518 1678 636 sacrant3
1707 553 1777 638 pe·
1833 592 1841 605 ,

275 649 496 754 rierantque
512 638 689 740 dudum,
716 635 791 727 uili
807 627 905 727 h&
922 636 1046 726 modo
1062 662 1177 728 antea
1194 637 1405 752 periissent.
1458 639 1557 728 Non
1575 669 1704 762 nego,
1731 641 1775 726 in

275 760 404 848 moltis
428 756 508 844 ali'n
538 753 665 858 lucio,
692 753 899 863 inquibus
930 753 1108 841 Romana
1127 753 1257 840 Castra
1285 752 1469 854 suerunt,
1499 783 1543 838 ac
1567 756 1776 866 praecipue

191 903 195 909 ’
276 872 502 986 Neomagi,
531 865 642 981 qnod
666 868 907 956 Batarmum
933 867 1130 980 oppidum
1151 897 1172 955 a
1194 867 1342 956 Tacito
1366 885 1623 970 memoratum
1650 867 1779 956 extsti-
1851 969 1854 976 Δ

276 984 613 1083 numerantis,
641 977 824 1070 fim'ssium
847 1007 978 1068 terrun
986 1037 1002 1082 ,
1032 1009 1132 1094 quiae
1147 983 1343 1070 inventae
1355 981 1512 1085 filerunt
1538 982 1579 1066 in
1602 983 1668 1068 illa
1690 1009 1780 1068 arte
1817 1013 1820 1021 ¹
1865 1072 1869 1078 ,

240 1132 247 1145 ·
277 1099 547 1197 Britannica,
587 1122 781 1208 magnum
803 1092 879 1182 elle
910 1113 1164 1207 proventura
1222 1099 1374 1184 Verum
1398 1097 1440 1182 in
1467 1093 1526 1180 his
1554 1095 1651 1180 locis
1684 1121 1778 1182 eae

248 1215 252 1222 ’
278 1229 380 1304 terra
401 1229 624 1311 eruuuuu,
660 1210 704 1294 in
729 1237 806 1320 qua
835 1227 940 1296 urta
963 1204 1234 1320 possessoribus
1254 1212 1447 1297 occaltata
1472 1207 1566 1294 olim
1594 1205 1778 1308 sarciunt,

279 1345 345 1414 aut
367 1325 453 1413 casu
477 1323 521 1412 &
541 1320 643 1409 sorte
671 1321 839 1435 quadam
871 1317 1103 1410 abscondita.
1163 1323 1221 1410 At
1247 1324 1411 1410 veroin
1444 1349 1530 1408 arce
1558 1319 1780 1408 Britannica

278 1467 365 1528 nou
388 1459 492 1524 terta
516 1435 677 1524 suerunt
704 1437 868 1536 obruta,
895 1433 964 1523 sed
992 1437 1097 1523 inter
1125 1435 1306 1552 ingentia
1325 1438 1412 1523 saxa
1440 1448 1619 1546 reperta‘
1666 1439 1781 1544 Quae

279 1579 378 1666 crgo
398 1551 594 1640 calamitae
610 1551 706 1638 aliur
725 1570 850 1637 turrea
870 1577 959 1636 non
987 1570 1139 1640 tantun
1166 1569 1282 1662 atque
1310 1579 1412 1637 arcer
1424 1609 1438 1656 ,
1470 1551 1649 1664 integros
1671 1552 1782 1638 vicoa

278 1666 474 1779 pagosque
503 1664 548 1750 br
575 1661 756 1774 oppida,
793 1663 1045 1772 atqueetiarn
1070 1663 1201 1748 nostra
1232 1666 1422 1752 memoria
1453 1661 1629 1748 aedificia
1660 1665 1785 1747 multa
1936 1717 1939 1727 ·

280 1780 446 1866 Oceano
475 1771 628 1879 nretlit,
657 1773 797 1863 eadem
822 1775 941 1862 etiam
959 1771 1111 1860 dudonr
1141 1789 1232 1860 ante
1262 1777 1392 1861 Caroli
1418 1775 1785 1890 Magni-tempora,

281 1891 448 1999 receptis
470 1886 645 1976 necdum
662 1887 970 1974 Christianorum
996 1883 1202 1998 discipbnir
1227 1887 1553 2002 Brittenburgum
1577 1882 1690 1972 undis
1713 1889 1785 1972 tir·

178 2021 184 2033 ’
281 1999 514 2107 cumdeda,
544 1997 691 2088 deinde
707 2026 807 2088 vero
826 2001 1006 2118 Hungeri
1022 2019 1203 2112 tempore
1225 2001 1364 2088 obruit.
1396 2003 1506 2090 Haec
1530 2022 1660 2087 autern
1677 1999 1788 2102 Arx,

283 2118 329 2208 δι
354 2118 504 2203 utinam
524 2144 571 2202 ea
594 2115 695 2215 sola,
725 2131 826 2226 quae
850 2113 1051 2226 quondam
1076 2114 1229 2198 Oceani
1260 2113 1441 2200 nauibus
1474 2143 1526 2202 ne
1557 2112 1788 2228 tangebatur

191 2285 194 2293 ·
284 2227 468 2340 quidem,
494 2255 602 2314 nunc
620 2247 750 2314 autem
769 2227 881 2312 rastis
899 2225 1019 2312 undis
1039 2227 1255 2339 premitur,
1284 2229 1435 2338 indicio
1450 2228 1527 2330 ost,
1557 2255 1670 2340 quarn
1691 2255 1792 2337 vana·

285 2373 332 2431 ea
351 2340 561 2451 lint,quae
571 2343 713 2428 Strabo
732 2339 834 2428 libro
858 2342 960 2425 Vll.
991 2369 1082 2457 pag.
1102 2365 1196 2447 293.
1227 2368 1278 2426 ex
1296 2339 1512 2427 Posidonio
1534 2341 1712 2428 adversus
1732 2341 1791 2424 O-

286 2459 396 2542 ceani
412 2455 692 2561 eluviem,.qua
713 2451 863 2536 Cimbri
880 2480 901 2534 a
917 2451 1038 2561 patria
1054 2454 1121 2536 sua
1139 2451 1281 2541 exclusi
1295 2455 1410 2552 sunt,
1426 2451 1603 2563 disputat.
1631 2447 1790 2550 credo,

288 2595 388 2653 cum.
401 2564 555 2651 Ooeani
578 2561 727 2649 furores
748 2592 799 2650 ex
818 2565 941 2650 naaria
963 2565 1019 2650 liri
1039 2565 1167 2679 (mare
1190 2563 1519 2654 mediterraneum
1534 2563 1651 2666 dico,
1679 2563 1791 2675 quod

290 2706 400 2768 utare
414 2677 585 2777 uolsrum
602 2677 713 2788 prisci
733 2677 1002 2792 appellabant)
1013 2678 1176 2765 aestibus
1192 2675 1428 2766 existimasse.
1459 2679 1550 2764 Hoc
1572 2693 1720 2762 certum
1734 2681 1793 2762 O·

289 2798 458 2883 teanum
476 2820 613 2903 parurn
634 2791 883 2901 perspelburn
904 2819 974 2879 eos
1004 2789 1206 2894 habuisse,
1237 2794 1369 2907 utique
1396 2791 1610 2877 Britannici
1636 2792 1791 2883 Oceani

289 2930 425 2991 natura
445 2908 489 2989 &
506 2906 696 2987 violentia
709 2906 895 3017 ,ignorata
915 2905 990 2993 snit
1013 2906 1223 3006 Straboni,
1254 2936 1367 3017 quam
1395 2902 1525 3003 tannen
1547 2932 1690 3016 magna
1708 2904 1795 2989 suo·

289 3024 373 3105 ium
391 3016 502 3102 clade
519 3018 634 3102 semel
651 3018 873 3129 iterumque
897 3037 1080 3128 expertus
1108 3018 1162 3103 est
1180 3016 1460 3119 Germanicus,
1492 3016 1583 3102 vide
1607 3016 1792 3102 Tacitum

292 3134 509 3219 Annalium
537 3128 635 3215 libro
651 3129 681 3212 Ι.
709 3158 791 3240 cap.
815 3152 880 3234 70.
918 3130 964 3217 δι
984 3130 1088 3222 libro
1107 3130 1162 3215 11.
1189 3156 1272 3241 cap.
1299 3158 1371 3240 23.⁴
1423 3132 1532 3216 Dum
1553 3151 1682 3219 autem
1707 3132 1795 3216 Arx

290 3250 355 3333 illa
387 3246 428 3327 in
463 3244 577 3329 initio
619 3270 704 3328 non
746 3261 829 3353 tota
863 3243 1043 3356 oppressa
1078 3242 1296 3357 vastataque
1336 3244 1475 3346 stetit,
1514 3240 1693 3347 siccatis,
1733 3262 1798 3330 re:
1937 3264 1940 3277 ·

261 3358 415 3446 nullo
444 3353 654 3468 aliquando
680 3358 881 3457 Oceano,
918 3356 1148 3460 littoribus,
1184 3354 1408 3470 pretiosiora
1442 3354 1535 3445 inde
1551 3358 1618 3444 'ab
1656 3358 1793 3469 accolis

293 3466 516 3561 identidem
532 3472 660 3560 ablata
671 3490 799 3577 puto,
830 3468 1046 3561 remansisse
1064 3492 1217 3574 auteur,
1234 3500 1333 3585 quae
1352 3490 1416 3558 aut
1435 3464 1537 3558 avari
1559 3464 1804 3587 neglig'rrntlf

233 3686 237 3696 ,
294 3606 359 3685 aut
377 3586 627 3678 interr-uiuae
645 3586 755 3671 aluus
773 3586 979 3684 latebant:¹
995 3586 1193 3713 inquibus
1209 3614 1363 3697 quoque
1385 3615 1471 3671 non
1497 3585 1661 3673 inventa
1682 3588 1794 3685 fiunt,
1874 3682 1876 3687 Α

295 3698 368 3793 uili
387 3726 436 3783 eo
453 3711 633 3807 tempore
649 3726 738 3785 cum
754 3698 869 3785 rebus
889 3698 1009 3785 etiam
1022 3699 1218 3801 minimis,
1249 3727 1348 3811 quae
1368 3696 1430 3802 ad¹
1444 3700 1691 3821 antiquitates
1706 3700 1794 3789 Ro-

297 3829 427 3898 manas
448 3809 715 3918 pertinebant,
744 3812 913 3921 pretium
933 3807 1008 3899 else
1026 3810 1170 3925 coepit.
1212 3809 1309 3897 Illud
1325 3834 1478 3926 ternpus
1499 3806 1685 3928 designo,
1716 3810 1806 3919 'quo⁴

259 4022 264 4027 ,
294 3948 530 4037 proavorum
555 3919 776 4007 nostrorum
793 3926 983 4013 memoria
1012 3953 1064 4012 ex
1087 3928 1214 4039 longo
1231 3927 1437 4016 intervallo
1464 3924 1604 4009 litteris
1625 3924 1794 4034 antiquis
1852 3996 1856 4005 ,

293 4035 530 4125 suus-honos
552 4031 676 4121 rediit.
735 4038 841 4122 Nanr
866 4037 959 4125 inde
987 4038 1034 4129 ab
1059 4042 1123 4125 illa
1153 4059 1281 4145 aetate¹
1298 4038 1495 4152 aliquoties
1523 4066 1575 4123 ex
1598 4033 1716 4127 undis
1732 4066 1796 4147 ap·

292 4150 423 4265 paruit
438 4150 649 4258 urinaeque
666 4171 821 4247 veteres
839 4150 1046 4262 spectatae,
1060 4152 1350 4241 &scrutatione
1366 4148 1491 4237 sedtssa
1510 4146 1794 4237 discussaesunt.

297 4264 544 4355 Wilhelrnua
573 4260 691 4351 Heda
725 4263 769 4350 in
795 4265 963 4356 Historia
990 4266 1269 4377 Episcoponnn
1293 4264 1612 4373 Trajeuinoraa
1639 4263 1683 4365 in
1716 4266 1798 4358 ,vita

160 4474 167 4485 x
298 4372 560 4493 Hungeri,de
580 4404 659 4488 quo
677 4374 802 4468 modo
820 4376 927 4480 dixi,
952 4374 966 4394 ’
1028 4378 1036 4393 ’
1067 4408 1154 4468 care
1173 4377 1329 4471 videtur
1345 4408 1394 4469 eo
1412 4376 1798 4489 aun0‚quumhisto-

296 4490 396 4576 'riam
414 4490 518 4577 illam
529 4490 729 4595 scriberet,
747 4491 900 4597 teretur·
918 4522 972 4579 un
1004 4494 1034 4579 ‘a
1053 4492 1249 4581 deteslanr
1263 4490 1371 4580 fuisse
1390 4490 1670 4601 bancllrcem3
1681 4491 1797 4600 sc'rip·

188 4606 194 4617 ’
298 4603 347 4690 srt
374 4620 538 4705 autern,
572 4626 679 4692 certe
707 4603 904 4696 dedicavit
928 4635 1013 4694 eam
1041 4606 1253 4697 Historiam
1287 4636 1391 4695 anno
1419 4605 1629 4698 cloloxxr.
1659 4624 1704 4693 ut
1723 4612 1795 4710 lam

299 4720 410 4833 snpra
434 4712 638 4809 aaran
657 4747 742 4833 cap.
756 4721 817 4821 ll
845 4719 955 4813 Idem
980 4720 1033 4812 de
1058 4718 1206 4819 eodem
1226 4748 1331 4811 anno
1357 4740 1550 4819 memorat
1571 4714 1798 4807 Luclovicus

1681 4826 1801 4916 Guic·
1915 4902 1920 4913 .
