<?xml version="1.0" encoding="UTF-8"?>
<!DOCTYPE html PUBLIC "-//W3C//DTD XHTML 1.0 Transitional//EN"
    "http://www.w3.org/TR/xhtml1/DTD/xhtml1-transitional.dtd">
<html xmlns="http://www.w3.org/1999/xhtml" xml:lang="en" lang="en">
 <head>
  <title>
</title>
<meta http-equiv="Content-Type" content="text/html;charset=utf-8" />
  <meta name='ocr-system' content='tesseract 3.04.00' />
  <meta name='ocr-capabilities' content='ocr_page ocr_carea ocr_par ocr_line ocrx_word'/>
</head>
<body>
  <div class='ocr_page' id='page_1' title='image "./henricicannegie00degoog_0198.png"; bbox 0 0 4292 5650; ppageno 0'>
   <div class='ocr_carea' id='block_1_1' title="bbox 337 324 1642 466">
    <p class='ocr_par' dir='ltr' id='par_1_1' title="bbox 337 324 1642 466">
     <span class='ocr_line' id='line_1_1' title="bbox 337 324 1642 466; baseline -0.009 -25"><span class='ocrx_word' id='word_1_1' title='bbox 337 324 422 466; x_wconf 61' lang='lat'>17³8</span> <span class='ocrx_word' id='word_1_2' title='bbox 529 389 534 397; x_wconf 90' lang='lat'><strong>·</strong></span> <span class='ocrx_word' id='word_1_3' title='bbox 570 347 1058 442; x_wconf 75' lang='lat' dir='ltr'>Os’annr&#39;a&#39;ntonns</span> <span class='ocrx_word' id='word_1_4' title='bbox 1094 345 1168 429; x_wconf 77' lang='lat' dir='ltr'>&#39;iu</span> <span class='ocrx_word' id='word_1_5' title='bbox 1213 340 1602 433; x_wconf 79' lang='lat' dir='ltr'>Mnurr&#39;uurnu</span> <span class='ocrx_word' id='word_1_6' title='bbox 1632 420 1642 429; x_wconf 86' lang='lat'>..</span> 
     </span>
    </p>
   </div>
   <div class='ocr_carea' id='block_1_2' title="bbox 338 528 1847 1113">
    <p class='ocr_par' dir='ltr' id='par_1_2' title="bbox 338 528 1847 1113">
     <span class='ocr_line' id='line_1_2' title="bbox 346 528 1839 645; baseline 0 -20"><span class='ocrx_word' id='word_1_7' title='bbox 346 562 352 571; x_wconf 87' lang='lat'><strong>·</strong></span> <span class='ocrx_word' id='word_1_8' title='bbox 392 538 610 627; x_wconf 75' lang='lat' dir='ltr'>lernau.</span> <span class='ocrx_word' id='word_1_9' title='bbox 639 542 896 645; x_wconf 81' lang='lat' dir='ltr'><em>Argenteum.</em></span> <span class='ocrx_word' id='word_1_10' title='bbox 953 528 1037 621; x_wconf 86' lang='lat' dir='ltr'>Sed</span> <span class='ocrx_word' id='word_1_11' title='bbox 1056 559 1105 621; x_wconf 91' lang='lat' dir='ltr'>an</span> <span class='ocrx_word' id='word_1_12' title='bbox 1123 528 1369 621; x_wconf 82' lang='lat' dir='ltr'>emendatior</span> <span class='ocrx_word' id='word_1_13' title='bbox 1395 528 1444 616; x_wconf 88' lang='lat' dir='ltr'>su</span> <span class='ocrx_word' id='word_1_14' title='bbox 1465 531 1563 619; x_wconf 84' lang='lat' dir='ltr'>haec</span> <span class='ocrx_word' id='word_1_15' title='bbox 1580 528 1722 637; x_wconf 75' lang='lat' dir='ltr'>ledrio,</span> <span class='ocrx_word' id='word_1_16' title='bbox 1750 535 1839 625; x_wconf 75' lang='lat' dir='ltr'>ua:</span> 
     </span>
     <span class='ocr_line' id='line_1_3' title="bbox 338 644 1840 761; baseline -0.004 -20"><span class='ocrx_word' id='word_1_17' title='bbox 338 650 420 741; x_wconf 88' lang='lat' dir='ltr'>dici</span> <span class='ocrx_word' id='word_1_18' title='bbox 448 650 698 759; x_wconf 75' lang='lat' dir='ltr'>dijudicent,</span> <span class='ocrx_word' id='word_1_19' title='bbox 725 646 827 735; x_wconf 87' lang='lat' dir='ltr'>mihi</span> <span class='ocrx_word' id='word_1_20' title='bbox 849 644 1006 735; x_wconf 80' lang='lat' dir='ltr'>videtur</span> <span class='ocrx_word' id='word_1_21' title='bbox 1022 646 1151 759; x_wconf 85' lang='lat' dir='ltr'>pulvis</span> <span class='ocrx_word' id='word_1_22' title='bbox 1174 644 1283 735; x_wconf 72' lang='lat' dir='ltr'>redte</span> <span class='ocrx_word' id='word_1_23' title='bbox 1301 666 1491 761; x_wconf 87' lang='lat' dir='ltr'>argenteo</span> <span class='ocrx_word' id='word_1_24' title='bbox 1514 647 1601 735; x_wconf 80' lang='lat' dir='ltr'>vase</span> <span class='ocrx_word' id='word_1_25' title='bbox 1622 648 1840 735; x_wconf 84' lang='lat' dir='ltr'>conservari</span> 
     </span>
     <span class='ocr_line' id='line_1_4' title="bbox 339 754 1841 882; baseline -0.005 -26"><span class='ocrx_word' id='word_1_26' title='bbox 339 765 527 882; x_wconf 76' lang='lat' dir='ltr'>ponite,</span> <span class='ocrx_word' id='word_1_27' title='bbox 555 790 643 852; x_wconf 91' lang='lat' dir='ltr'>non</span> <span class='ocrx_word' id='word_1_28' title='bbox 670 764 766 849; x_wconf 88' lang='lat' dir='ltr'>item</span> <span class='ocrx_word' id='word_1_29' title='bbox 789 762 931 849; x_wconf 84' lang='lat' dir='ltr'>succus.</span> <span class='ocrx_word' id='word_1_30' title='bbox 989 759 1219 877; x_wconf 83' lang='lat' dir='ltr'>Argentum</span> <span class='ocrx_word' id='word_1_31' title='bbox 1242 787 1407 869; x_wconf 87' lang='lat' dir='ltr'>namque</span> <span class='ocrx_word' id='word_1_32' title='bbox 1436 756 1579 871; x_wconf 88' lang='lat' dir='ltr'>liquida</span> <span class='ocrx_word' id='word_1_33' title='bbox 1597 760 1731 847; x_wconf 84' lang='lat' dir='ltr'>omnia</span> <span class='ocrx_word' id='word_1_34' title='bbox 1754 754 1841 849; x_wconf 63' lang='lat' dir='ltr'>cor·¹</span> 
     </span>
     <span class='ocr_line' id='line_1_5' title="bbox 341 870 1841 992; baseline -0.002 -23"><span class='ocrx_word' id='word_1_35' title='bbox 341 885 522 992; x_wconf 82' lang='lat' dir='ltr'>rulnpere</span> <span class='ocrx_word' id='word_1_36' title='bbox 542 878 660 979; x_wconf 85' lang='lat' dir='ltr'>solet,</span> <span class='ocrx_word' id='word_1_37' title='bbox 689 873 763 963; x_wconf 89' lang='lat' dir='ltr'>nili</span> <span class='ocrx_word' id='word_1_38' title='bbox 787 873 892 964; x_wconf 86' lang='lat' dir='ltr'>forte</span> <span class='ocrx_word' id='word_1_39' title='bbox 915 904 962 964; x_wconf 85' lang='lat' dir='ltr'>ea</span> <span class='ocrx_word' id='word_1_40' title='bbox 981 870 1030 960; x_wconf 86' lang='lat' dir='ltr'>srt</span> <span class='ocrx_word' id='word_1_41' title='bbox 1057 875 1156 961; x_wconf 75' lang='lat' dir='ltr'>fficci</span> <span class='ocrx_word' id='word_1_42' title='bbox 1177 874 1406 962; x_wconf 89' lang='lat' dir='ltr'>Britannica</span> <span class='ocrx_word' id='word_1_43' title='bbox 1422 874 1587 986; x_wconf 73' lang='lat' dir='ltr'>expreffi</span> <span class='ocrx_word' id='word_1_44' title='bbox 1604 892 1767 982; x_wconf 81' lang='lat' dir='ltr'>natura,</span> <span class='ocrx_word' id='word_1_45' title='bbox 1794 894 1841 967; x_wconf 85' lang='lat' dir='ltr'>ut</span> 
     </span>
     <span class='ocr_line' id='line_1_6' title="bbox 344 986 1847 1113; baseline -0.007 -30"><span class='ocrx_word' id='word_1_46' title='bbox 344 1010 509 1113; x_wconf 82' lang='lat' dir='ltr'>argento</span> <span class='ocrx_word' id='word_1_47' title='bbox 524 1020 611 1080; x_wconf 92' lang='lat' dir='ltr'>non</span> <span class='ocrx_word' id='word_1_48' title='bbox 625 991 810 1096; x_wconf 80' lang='lat' dir='ltr'>vitietur,</span> <span class='ocrx_word' id='word_1_49' title='bbox 841 986 951 1105; x_wconf 89' lang='lat' dir='ltr'>quod</span> <span class='ocrx_word' id='word_1_50' title='bbox 967 1009 1154 1102; x_wconf 83' lang='lat' dir='ltr'>expertus</span> <span class='ocrx_word' id='word_1_51' title='bbox 1173 986 1344 1077; x_wconf 86' lang='lat' dir='ltr'>credam.</span> <span class='ocrx_word' id='word_1_52' title='bbox 1839 1007 1847 1043; x_wconf 82' lang='lat'>&#39;-</span> 
     </span>
    </p>
   </div>
   <div class='ocr_carea' id='block_1_3' title="bbox 556 1264 1625 1393">
    <p class='ocr_par' dir='ltr' id='par_1_3' title="bbox 556 1264 1625 1393">
     <span class='ocr_line' id='line_1_7' title="bbox 556 1264 1625 1393; baseline -0.004 0"><span class='ocrx_word' id='word_1_53' title='bbox 556 1270 718 1393; x_wconf 88' lang='lat' dir='ltr'>AD</span> <span class='ocrx_word' id='word_1_54' title='bbox 805 1264 1271 1393; x_wconf 86' lang='lat' dir='ltr'><strong>CAPUT</strong></span> <span class='ocrx_word' id='word_1_55' title='bbox 1358 1264 1625 1391; x_wconf 92' lang='lat' dir='ltr'>XVII.</span> 
     </span>
    </p>
   </div>
   <div class='ocr_carea' id='block_1_4' title="bbox 347 1534 1851 2012">
    <p class='ocr_par' dir='ltr' id='par_1_4' title="bbox 347 1534 1851 2012">
     <span class='ocr_line' id='line_1_8' title="bbox 347 1534 1840 1713; baseline -0.005 -31"><span class='ocrx_word' id='word_1_56' title='bbox 347 1572 478 1681; x_wconf 84' lang='lat' dir='ltr'>Unus</span> <span class='ocrx_word' id='word_1_57' title='bbox 493 1572 605 1713; x_wconf 76' lang='lat' dir='ltr'>fiens</span> <span class='ocrx_word' id='word_1_58' title='bbox 632 1610 767 1711; x_wconf 86' lang='lat' dir='ltr'><em>uquee</em></span> <span class='ocrx_word' id='word_1_59' title='bbox 790 1534 937 1677; x_wconf 58' lang='lat' dir='ltr'>duleis⁸</span> <span class='ocrx_word' id='word_1_60' title='bbox 956 1583 1004 1675; x_wconf 84' lang='lat' dir='ltr'>iu</span> <span class='ocrx_word' id='word_1_61' title='bbox 1030 1574 1116 1674; x_wconf 87' lang='lat' dir='ltr'>loco</span> <span class='ocrx_word' id='word_1_62' title='bbox 1143 1570 1458 1675; x_wconf 66' lang='lat' dir='ltr'>Britannicae</span> <span class='ocrx_word' id='word_1_63' title='bbox 1513 1574 1715 1707; x_wconf 83' lang='lat' dir='ltr'>Altiugr&#39;l</span> <span class='ocrx_word' id='word_1_64' title='bbox 1735 1572 1840 1705; x_wconf 67' lang='lat' dir='ltr'>leus,</span> 
     </span>
     <span class='ocr_line' id='line_1_9' title="bbox 413 1708 1851 1845; baseline 0.001 -29"><span class='ocrx_word' id='word_1_65' title='bbox 413 1714 601 1817; x_wconf 83' lang='lat' dir='ltr'>Perrnre&#39;</span> <span class='ocrx_word' id='word_1_66' title='bbox 626 1722 675 1811; x_wconf 86' lang='lat' dir='ltr'>iu</span> <span class='ocrx_word' id='word_1_67' title='bbox 705 1711 850 1841; x_wconf 76' lang='lat' dir='ltr'>Frustra</span> <span class='ocrx_word' id='word_1_68' title='bbox 861 1708 1026 1845; x_wconf 75' lang='lat' dir='ltr'>strutus.</span> <span class='ocrx_word' id='word_1_69' title='bbox 1062 1708 1178 1813; x_wconf 81' lang='lat' dir='ltr'>Fons</span> <span class='ocrx_word' id='word_1_70' title='bbox 1211 1708 1428 1813; x_wconf 85' lang='lat' dir='ltr'>Oldeboru</span> <span class='ocrx_word' id='word_1_71' title='bbox 1445 1708 1685 1815; x_wconf 80' lang='lat' dir='ltr'>obturatus.</span> <span class='ocrx_word' id='word_1_72' title='bbox 1732 1710 1851 1817; x_wconf 76' lang='lat' dir='ltr'>Fata</span> 
     </span>
     <span class='ocr_line' id='line_1_10' title="bbox 396 1846 1154 2012; baseline 0.003 -63"><span class='ocrx_word' id='word_1_73' title='bbox 396 1849 693 1985; x_wconf 76' lang='lat' dir='ltr'>sortitaquae</span> <span class='ocrx_word' id='word_1_74' title='bbox 710 1846 843 2012; x_wconf 79' lang='lat' dir='ltr'>duleis</span> <span class='ocrx_word' id='word_1_75' title='bbox 873 1874 959 1983; x_wconf 83' lang='lat' dir='ltr'>per</span> <span class='ocrx_word' id='word_1_76' title='bbox 978 1884 1030 1948; x_wconf 84' lang='lat' dir='ltr'>en</span> <span class='ocrx_word' id='word_1_77' title='bbox 1053 1847 1154 1951; x_wconf 76' lang='lat' dir='ltr'>locu</span> 
     </span>
    </p>
   </div>
   <div class='ocr_carea' id='block_1_5' title="bbox 345 2118 1844 2346">
    <p class='ocr_par' dir='ltr' id='par_1_5' title="bbox 345 2118 1844 2346">
     <span class='ocr_line' id='line_1_11' title="bbox 397 2118 1844 2238; baseline 0.003 -34"><span class='ocrx_word' id='word_1_78' title='bbox 397 2118 516 2205; x_wconf 71' lang='lat' dir='ltr'>Pio.</span> <span class='ocrx_word' id='word_1_79' title='bbox 547 2118 866 2205; x_wconf 85' lang='lat' dir='ltr'>CLXXXIV.</span> <span class='ocrx_word' id='word_1_80' title='bbox 923 2118 1018 2207; x_wconf 81' lang='lat' dir='ltr'>Lori</span> <span class='ocrx_word' id='word_1_81' title='bbox 1026 2121 1174 2231; x_wconf 84' lang='lat' dir='ltr'>scilicet</span> <span class='ocrx_word' id='word_1_82' title='bbox 1217 2120 1367 2235; x_wconf 79' lang='lat' dir='ltr'>restent</span> <span class='ocrx_word' id='word_1_83' title='bbox 1402 2120 1718 2238; x_wconf 63' lang='lat' dir='ltr'>confidentiores.</span> <span class='ocrx_word' id='word_1_84' title='bbox 1776 2120 1844 2209; x_wconf 88' lang='lat' dir='ltr'>De</span> 
     </span>
     <span class='ocr_line' id='line_1_12' title="bbox 345 2230 1793 2346; baseline -0.003 -25"><span class='ocrx_word' id='word_1_85' title='bbox 345 2238 438 2321; x_wconf 90' lang='lat' dir='ltr'>loco</span> <span class='ocrx_word' id='word_1_86' title='bbox 462 2231 765 2345; x_wconf 85' lang='lat' dir='ltr'>paucaNoster,</span> <span class='ocrx_word' id='word_1_87' title='bbox 784 2254 825 2317; x_wconf 94' lang='lat' dir='ltr'>tu</span> <span class='ocrx_word' id='word_1_88' title='bbox 836 2236 946 2343; x_wconf 87' lang='lat' dir='ltr'>plura</span> <span class='ocrx_word' id='word_1_89' title='bbox 973 2230 1025 2317; x_wconf 90' lang='lat' dir='ltr'>de</span> <span class='ocrx_word' id='word_1_90' title='bbox 1048 2260 1098 2321; x_wconf 89' lang='lat' dir='ltr'>eo</span> <span class='ocrx_word' id='word_1_91' title='bbox 1126 2232 1219 2317; x_wconf 88' lang='lat' dir='ltr'>vide</span> <span class='ocrx_word' id='word_1_92' title='bbox 1234 2236 1421 2343; x_wconf 78' lang='lat' dir='ltr'>disputata</span> <span class='ocrx_word' id='word_1_93' title='bbox 1438 2236 1482 2317; x_wconf 90' lang='lat' dir='ltr'>in</span> <span class='ocrx_word' id='word_1_94' title='bbox 1499 2236 1793 2346; x_wconf 79' lang='lat' dir='ltr'>Brittenburgo.</span> 
     </span>
    </p>
   </div>
   <div class='ocr_carea' id='block_1_6' title="bbox 234 2344 1935 4926">
    <p class='ocr_par' dir='ltr' id='par_1_6' title="bbox 234 2344 1935 4720">
     <span class='ocr_line' id='line_1_13' title="bbox 403 2344 1845 2459; baseline -0.001 -28"><span class='ocrx_word' id='word_1_95' title='bbox 403 2348 613 2431; x_wconf 75' lang='lat' dir='ltr'>lernau.</span> <span class='ocrx_word' id='word_1_96' title='bbox 670 2344 772 2452; x_wconf 85' lang='lat' dir='ltr'>June</span> <span class='ocrx_word' id='word_1_97' title='bbox 794 2346 917 2432; x_wconf 80' lang='lat' dir='ltr'><em>dulces</em></span> <span class='ocrx_word' id='word_1_98' title='bbox 935 2370 1059 2459; x_wconf 84' lang='lat' dir='ltr'>aquae</span> <span class='ocrx_word' id='word_1_99' title='bbox 1086 2344 1324 2458; x_wconf 75' lang='lat' dir='ltr'>palustribus</span> <span class='ocrx_word' id='word_1_100' title='bbox 1355 2348 1503 2456; x_wconf 75' lang='lat' dir='ltr'>Fristae</span> <span class='ocrx_word' id='word_1_101' title='bbox 1522 2348 1608 2429; x_wconf 85' lang='lat' dir='ltr'>loris</span> <span class='ocrx_word' id='word_1_102' title='bbox 1622 2346 1845 2455; x_wconf 77' lang='lat' dir='ltr'><em>sulphureis</em></span> 
     </span>
     <span class='ocr_line' id='line_1_14' title="bbox 345 2454 1847 2571; baseline -0.007 -24"><span class='ocrx_word' id='word_1_103' title='bbox 345 2487 392 2547; x_wconf 87' lang='lat' dir='ltr'>eu</span> <span class='ocrx_word' id='word_1_104' title='bbox 415 2459 648 2568; x_wconf 77' lang='lat' dir='ltr'>bitumiuoſss</span> <span class='ocrx_word' id='word_1_105' title='bbox 660 2455 888 2571; x_wconf 81' lang='lat' dir='ltr'>putiffimum</span> <span class='ocrx_word' id='word_1_106' title='bbox 907 2472 1096 2571; x_wconf 83' lang='lat' dir='ltr'>tauquam</span> <span class='ocrx_word' id='word_1_107' title='bbox 1106 2454 1286 2569; x_wconf 87' lang='lat' dir='ltr'>sontibus</span> <span class='ocrx_word' id='word_1_108' title='bbox 1312 2468 1443 2541; x_wconf 84' lang='lat' dir='ltr'>ortum</span> <span class='ocrx_word' id='word_1_109' title='bbox 1455 2454 1574 2563; x_wconf 76' lang='lat' dir='ltr'>ficum</span> <span class='ocrx_word' id='word_1_110' title='bbox 1594 2454 1761 2556; x_wconf 74' lang='lat' dir='ltr'>hadent,</span> <span class='ocrx_word' id='word_1_111' title='bbox 1790 2454 1847 2560; x_wconf 63' lang='lat'>&amp;⁹</span> 
     </span>
     <span class='ocr_line' id='line_1_15' title="bbox 340 2568 1846 2689; baseline -0.004 -31"><span class='ocrx_word' id='word_1_112' title='bbox 340 2590 417 2689; x_wconf 80' lang='lat' dir='ltr'>per·</span> <span class='ocrx_word' id='word_1_113' title='bbox 438 2572 557 2684; x_wconf 77' lang='lat' dir='ltr'>firffus</span> <span class='ocrx_word' id='word_1_114' title='bbox 580 2598 690 2655; x_wconf 87' lang='lat' dir='ltr'>mare</span> <span class='ocrx_word' id='word_1_115' title='bbox 717 2571 852 2681; x_wconf 77' lang='lat' dir='ltr'>uersus</span> <span class='ocrx_word' id='word_1_116' title='bbox 883 2570 1070 2682; x_wconf 85' lang='lat' dir='ltr'>defluunt.</span> <span class='ocrx_word' id='word_1_117' title='bbox 1131 2570 1241 2655; x_wconf 89' lang='lat' dir='ltr'>Haec</span> <span class='ocrx_word' id='word_1_118' title='bbox 1275 2596 1324 2653; x_wconf 90' lang='lat' dir='ltr'>eo</span> <span class='ocrx_word' id='word_1_119' title='bbox 1352 2569 1594 2679; x_wconf 79' lang='lat' dir='ltr'>pertinent,</span> <span class='ocrx_word' id='word_1_120' title='bbox 1626 2588 1676 2674; x_wconf 46' lang='lat' dir='ltr'>‚ut</span> <span class='ocrx_word' id='word_1_121' title='bbox 1704 2568 1846 2679; x_wconf 84' lang='lat' dir='ltr'>doceat</span> 
     </span>
     <span class='ocr_line' id='line_1_16' title="bbox 346 2680 1845 2795; baseline -0.002 -24"><span class='ocrx_word' id='word_1_122' title='bbox 346 2685 503 2772; x_wconf 82' lang='lat' dir='ltr'>fontem</span> <span class='ocrx_word' id='word_1_123' title='bbox 521 2710 641 2795; x_wconf 87' lang='lat' dir='ltr'>aquae</span> <span class='ocrx_word' id='word_1_124' title='bbox 661 2680 807 2785; x_wconf 89' lang='lat' dir='ltr'>dulcis,</span> <span class='ocrx_word' id='word_1_125' title='bbox 831 2711 947 2794; x_wconf 89' lang='lat' dir='ltr'>quem</span> <span class='ocrx_word' id='word_1_126' title='bbox 962 2702 1103 2793; x_wconf 87' lang='lat' dir='ltr'>potum</span> <span class='ocrx_word' id='word_1_127' title='bbox 1113 2682 1262 2768; x_wconf 86' lang='lat' dir='ltr'>Plinius</span> <span class='ocrx_word' id='word_1_128' title='bbox 1285 2680 1384 2767; x_wconf 90' lang='lat' dir='ltr'>libro</span> <span class='ocrx_word' id='word_1_129' title='bbox 1410 2680 1547 2765; x_wconf 82' lang='lat' dir='ltr'>XXV.</span> <span class='ocrx_word' id='word_1_130' title='bbox 1564 2708 1646 2791; x_wconf 85' lang='lat' dir='ltr'>cap.</span> <span class='ocrx_word' id='word_1_131' title='bbox 1670 2704 1706 2789; x_wconf 77' lang='lat'>3.</span> <span class='ocrx_word' id='word_1_132' title='bbox 1728 2682 1845 2768; x_wconf 86' lang='lat' dir='ltr'>scelo-</span> 
     </span>
     <span class='ocr_line' id='line_1_17' title="bbox 347 2792 1935 2913; baseline -0.003 -27"><span class='ocrx_word' id='word_1_133' title='bbox 347 2799 495 2913; x_wconf 82' lang='lat' dir='ltr'>tyrben</span> <span class='ocrx_word' id='word_1_134' title='bbox 521 2794 831 2884; x_wconf 83' lang='lat' dir='ltr'>&amp;stomacacen</span> <span class='ocrx_word' id='word_1_135' title='bbox 861 2795 1047 2884; x_wconf 85' lang='lat' dir='ltr'>inducere</span> <span class='ocrx_word' id='word_1_136' title='bbox 1075 2795 1230 2899; x_wconf 68' lang='lat' dir='ltr'>scribit,</span> <span class='ocrx_word' id='word_1_137' title='bbox 1253 2795 1295 2881; x_wconf 94' lang='lat' dir='ltr'>in</span> <span class='ocrx_word' id='word_1_138' title='bbox 1310 2822 1355 2881; x_wconf 88' lang='lat' dir='ltr'>ea</span> <span class='ocrx_word' id='word_1_139' title='bbox 1374 2814 1470 2880; x_wconf 86' lang='lat' dir='ltr'>terra</span> <span class='ocrx_word' id='word_1_140' title='bbox 1486 2792 1582 2896; x_wconf 85' lang='lat' dir='ltr'>elie,</span> <span class='ocrx_word' id='word_1_141' title='bbox 1613 2796 1657 2880; x_wconf 91' lang='lat' dir='ltr'>in</span> <span class='ocrx_word' id='word_1_142' title='bbox 1676 2800 1749 2908; x_wconf 84' lang='lat' dir='ltr'>qua</span> <span class='ocrx_word' id='word_1_143' title='bbox 1765 2797 1845 2903; x_wconf 87' lang='lat' dir='ltr'>ipse</span> <span class='ocrx_word' id='word_1_144' title='bbox 1922 2796 1935 2821; x_wconf 68' lang='grc'><em>“</em></span> 
     </span>
     <span class='ocr_line' id='line_1_18' title="bbox 347 2908 1848 3014; baseline -0.001 -16"><span class='ocrx_word' id='word_1_145' title='bbox 347 2913 613 2998; x_wconf 84' lang='lat' dir='ltr'>Britannicam</span> <span class='ocrx_word' id='word_1_146' title='bbox 643 2910 803 2996; x_wconf 83' lang='lat' dir='ltr'>herbam</span> <span class='ocrx_word' id='word_1_147' title='bbox 824 2911 1014 3013; x_wconf 84' lang='lat' dir='ltr'>invenit,</span> <span class='ocrx_word' id='word_1_148' title='bbox 1042 2937 1139 2997; x_wconf 87' lang='lat' dir='ltr'>nam</span> <span class='ocrx_word' id='word_1_149' title='bbox 1167 2911 1212 2995; x_wconf 83' lang='lat' dir='ltr'>dc</span> <span class='ocrx_word' id='word_1_150' title='bbox 1237 2909 1339 2996; x_wconf 86' lang='lat' dir='ltr'>hanc</span> <span class='ocrx_word' id='word_1_151' title='bbox 1369 2909 1527 3014; x_wconf 83' lang='lat' dir='ltr'>herbam</span> <span class='ocrx_word' id='word_1_152' title='bbox 1553 2908 1659 2994; x_wconf 91' lang='lat' dir='ltr'>sonti</span> <span class='ocrx_word' id='word_1_153' title='bbox 1675 2911 1848 2995; x_wconf 83' lang='lat' dir='ltr'>&#39;vicinam</span> 
     </span>
     <span class='ocr_line' id='line_1_19' title="bbox 350 3015 1847 3140; baseline -0.001 -29"><span class='ocrx_word' id='word_1_154' title='bbox 350 3024 460 3112; x_wconf 86' lang='lat' dir='ltr'>fuilie</span> <span class='ocrx_word' id='word_1_155' title='bbox 475 3025 623 3110; x_wconf 78' lang='lat' dir='ltr'>Plinius</span> <span class='ocrx_word' id='word_1_156' title='bbox 645 3021 801 3110; x_wconf 83' lang='lat' dir='ltr'>videtur</span> <span class='ocrx_word' id='word_1_157' title='bbox 822 3021 1050 3140; x_wconf 83' lang='lat' dir='ltr'>iig&#39;nificare.</span> <span class='ocrx_word' id='word_1_158' title='bbox 1110 3027 1264 3110; x_wconf 88' lang='lat' dir='ltr'>Verum</span> <span class='ocrx_word' id='word_1_159' title='bbox 1285 3021 1536 3135; x_wconf 84' lang='lat' dir='ltr'>Muntingius</span> <span class='ocrx_word' id='word_1_160' title='bbox 1562 3015 1847 3110; x_wconf 82' lang='lat' dir='ltr'>noste-r‘fontes</span> 
     </span>
     <span class='ocr_line' id='line_1_20' title="bbox 350 3134 1848 3240; baseline -0.003 -12"><span class='ocrx_word' id='word_1_161' title='bbox 350 3156 567 3240; x_wconf 87' lang='lat' dir='ltr'>memorat,</span> <span class='ocrx_word' id='word_1_162' title='bbox 595 3137 739 3222; x_wconf 86' lang='lat' dir='ltr'>Plinius</span> <span class='ocrx_word' id='word_1_163' title='bbox 763 3146 895 3224; x_wconf 87' lang='lat' dir='ltr'>autem</span> <span class='ocrx_word' id='word_1_164' title='bbox 913 3167 1037 3227; x_wconf 88' lang='lat' dir='ltr'>unum</span> <span class='ocrx_word' id='word_1_165' title='bbox 1057 3155 1214 3224; x_wconf 85' lang='lat' dir='ltr'>tantum</span> <span class='ocrx_word' id='word_1_166' title='bbox 1243 3137 1287 3223; x_wconf 81' lang='lat' dir='ltr'>dr</span> <span class='ocrx_word' id='word_1_167' title='bbox 1305 3164 1396 3223; x_wconf 88' lang='lat' dir='ltr'>eum</span> <span class='ocrx_word' id='word_1_168' title='bbox 1411 3139 1533 3222; x_wconf 82' lang='lat' dir='ltr'>solum</span> <span class='ocrx_word' id='word_1_169' title='bbox 1551 3137 1632 3220; x_wconf 87' lang='lat' dir='ltr'>istic</span> <span class='ocrx_word' id='word_1_170' title='bbox 1645 3134 1757 3221; x_wconf 57' lang='lat' dir='ltr'>vfuilie</span> <span class='ocrx_word' id='word_1_171' title='bbox 1775 3135 1848 3223; x_wconf 89' lang='lat' dir='ltr'>do·</span> 
     </span>
     <span class='ocr_line' id='line_1_21' title="bbox 350 3246 1850 3362; baseline -0.003 -23"><span class='ocrx_word' id='word_1_172' title='bbox 350 3273 425 3340; x_wconf 87' lang='lat' dir='ltr'>cet.</span> <span class='ocrx_word' id='word_1_173' title='bbox 484 3251 684 3336; x_wconf 87' lang='lat' dir='ltr'>Maritimo</span> <span class='ocrx_word' id='word_1_174' title='bbox 705 3249 831 3336; x_wconf 76' lang='lat' dir='ltr'>trad&#39;iu</span> <span class='ocrx_word' id='word_1_175' title='bbox 846 3248 940 3338; x_wconf 83' lang='lat' dir='ltr'>fons</span> <span class='ocrx_word' id='word_1_176' title='bbox 958 3271 1043 3338; x_wconf 82' lang='lat' dir='ltr'>erat</span> <span class='ocrx_word' id='word_1_177' title='bbox 1067 3279 1184 3362; x_wconf 76' lang='lat' dir='ltr'>aquau</span> <span class='ocrx_word' id='word_1_178' title='bbox 1205 3247 1326 3335; x_wconf 88' lang='lat' dir='ltr'>dulcis</span> <span class='ocrx_word' id='word_1_179' title='bbox 1349 3251 1462 3335; x_wconf 90' lang='lat' dir='ltr'>solus.</span> <span class='ocrx_word' id='word_1_180' title='bbox 1522 3246 1652 3334; x_wconf 80' lang='lat' dir='ltr'>lmosr</span> <span class='ocrx_word' id='word_1_181' title='bbox 1670 3248 1850 3336; x_wconf 89' lang='lat' dir='ltr'>Muntin·</span> 
     </span>
     <span class='ocr_line' id='line_1_22' title="bbox 353 3361 1850 3482; baseline -0.001 -32"><span class='ocrx_word' id='word_1_182' title='bbox 353 3367 410 3482; x_wconf 88' lang='lat' dir='ltr'>gii</span> <span class='ocrx_word' id='word_1_183' title='bbox 430 3366 551 3452; x_wconf 89' lang='lat' dir='ltr'>verba</span> <span class='ocrx_word' id='word_1_184' title='bbox 580 3364 779 3475; x_wconf 84' lang='lat' dir='ltr'>inspicias,</span> <span class='ocrx_word' id='word_1_185' title='bbox 802 3365 1032 3478; x_wconf 81' lang='lat' dir='ltr'>intelliges,</span> <span class='ocrx_word' id='word_1_186' title='bbox 1063 3393 1161 3476; x_wconf 89' lang='lat' dir='ltr'>quos</span> <span class='ocrx_word' id='word_1_187' title='bbox 1184 3361 1282 3450; x_wconf 89' lang='lat' dir='ltr'>dicit</span> <span class='ocrx_word' id='word_1_188' title='bbox 1307 3363 1437 3452; x_wconf 86' lang='lat' dir='ltr'>iontes</span> <span class='ocrx_word' id='word_1_189' title='bbox 1460 3391 1556 3450; x_wconf 80' lang='lat' dir='ltr'>vere</span> <span class='ocrx_word' id='word_1_190' title='bbox 1586 3363 1663 3448; x_wconf 89' lang='lat' dir='ltr'>hoc</span> <span class='ocrx_word' id='word_1_191' title='bbox 1686 3365 1850 3451; x_wconf 83' lang='lat' dir='ltr'>nomine</span> 
     </span>
     <span class='ocr_line' id='line_1_23' title="bbox 234 3473 1850 3593; baseline -0.002 -29"><span class='ocrx_word' id='word_1_192' title='bbox 234 3582 237 3586; x_wconf 15' lang='lat'><em>¹</em></span> <span class='ocrx_word' id='word_1_193' title='bbox 354 3473 608 3589; x_wconf 82' lang='lat' dir='ltr'>appellandos</span> <span class='ocrx_word' id='word_1_194' title='bbox 642 3505 729 3560; x_wconf 91' lang='lat' dir='ltr'>non</span> <span class='ocrx_word' id='word_1_195' title='bbox 762 3473 847 3562; x_wconf 85' lang='lat' dir='ltr'>elie.</span> <span class='ocrx_word' id='word_1_196' title='bbox 906 3478 1039 3564; x_wconf 90' lang='lat' dir='ltr'>lncilia</span> <span class='ocrx_word' id='word_1_197' title='bbox 1063 3479 1173 3564; x_wconf 86' lang='lat' dir='ltr'>enim</span> <span class='ocrx_word' id='word_1_198' title='bbox 1203 3479 1291 3562; x_wconf 85' lang='lat' dir='ltr'>sunt</span> <span class='ocrx_word' id='word_1_199' title='bbox 1316 3503 1385 3586; x_wconf 85' lang='lat' dir='ltr'>per</span> <span class='ocrx_word' id='word_1_200' title='bbox 1409 3505 1510 3586; x_wconf 86' lang='lat' dir='ltr'>quae</span> <span class='ocrx_word' id='word_1_201' title='bbox 1543 3505 1639 3590; x_wconf 86' lang='lat' dir='ltr'>aqua</span> <span class='ocrx_word' id='word_1_202' title='bbox 1671 3475 1850 3593; x_wconf 86' lang='lat' dir='ltr'>stagnans</span> 
     </span>
     <span class='ocr_line' id='line_1_24' title="bbox 356 3583 1852 3704; baseline -0.003 -26"><span class='ocrx_word' id='word_1_203' title='bbox 356 3588 574 3678; x_wconf 84' lang='lat' dir='ltr'>deducitur.</span> <span class='ocrx_word' id='word_1_204' title='bbox 634 3583 743 3675; x_wconf 85' lang='lat' dir='ltr'>Vide</span> <span class='ocrx_word' id='word_1_205' title='bbox 765 3586 912 3692; x_wconf 61' lang='lat' dir='ltr'>didm,</span> <span class='ocrx_word' id='word_1_206' title='bbox 943 3612 1059 3704; x_wconf 82' lang='lat' dir='ltr'>quam</span> <span class='ocrx_word' id='word_1_207' title='bbox 1089 3587 1255 3677; x_wconf 84' lang='lat' dir='ltr'>diversus</span> <span class='ocrx_word' id='word_1_208' title='bbox 1281 3589 1327 3674; x_wconf 87' lang='lat' dir='ltr'>ab</span> <span class='ocrx_word' id='word_1_209' title='bbox 1361 3587 1548 3704; x_wconf 85' lang='lat' dir='ltr'>Altingio</span> <span class='ocrx_word' id='word_1_210' title='bbox 1574 3591 1686 3676; x_wconf 86' lang='lat' dir='ltr'>abeat</span> <span class='ocrx_word' id='word_1_211' title='bbox 1722 3589 1852 3674; x_wconf 87' lang='lat' dir='ltr'>noster</span> 
     </span>
     <span class='ocr_line' id='line_1_25' title="bbox 356 3698 1853 3818; baseline -0.004 -23"><span class='ocrx_word' id='word_1_212' title='bbox 356 3701 611 3818; x_wconf 85' lang='lat' dir='ltr'>Muntingius</span> <span class='ocrx_word' id='word_1_213' title='bbox 621 3758 636 3803; x_wconf 91' lang='lat'>,</span> <span class='ocrx_word' id='word_1_214' title='bbox 664 3704 863 3816; x_wconf 86' lang='lat' dir='ltr'>Scriptore</span> <span class='ocrx_word' id='word_1_215' title='bbox 883 3705 1073 3790; x_wconf 88' lang='lat' dir='ltr'>&amp;rerum</span> <span class='ocrx_word' id='word_1_216' title='bbox 1090 3698 1322 3791; x_wconf 79' lang='lat' dir='ltr'>vetustarum</span> <span class='ocrx_word' id='word_1_217' title='bbox 1334 3699 1569 3816; x_wconf 84' lang='lat' dir='ltr'>indagatore</span> <span class='ocrx_word' id='word_1_218' title='bbox 1586 3701 1829 3815; x_wconf 84' lang='lat' dir='ltr'>sagacili&#39;uno</span> <span class='ocrx_word' id='word_1_219' title='bbox 1838 3759 1853 3805; x_wconf 92' lang='lat'>,</span> 
     </span>
     <span class='ocr_line' id='line_1_26' title="bbox 386 3815 1855 3928; baseline -0.003 -22"><span class='ocrx_word' id='word_1_220' title='bbox 386 3822 449 3921; x_wconf 92' lang='lat' dir='ltr'>ui,</span> <span class='ocrx_word' id='word_1_221' title='bbox 478 3815 584 3928; x_wconf 91' lang='lat' dir='ltr'>quod</span> <span class='ocrx_word' id='word_1_222' title='bbox 619 3821 746 3905; x_wconf 87' lang='lat' dir='ltr'>multo</span> <span class='ocrx_word' id='word_1_223' title='bbox 770 3818 984 3927; x_wconf 83' lang='lat' dir='ltr'>maximum</span> <span class='ocrx_word' id='word_1_224' title='bbox 1011 3817 1090 3919; x_wconf 84' lang='lat' dir='ltr'>est,</span> <span class='ocrx_word' id='word_1_225' title='bbox 1121 3846 1164 3902; x_wconf 90' lang='lat' dir='ltr'>re</span> <span class='ocrx_word' id='word_1_226' title='bbox 1193 3819 1306 3904; x_wconf 87' lang='lat' dir='ltr'>iones</span> <span class='ocrx_word' id='word_1_227' title='bbox 1337 3817 1443 3916; x_wconf 90' lang='lat' dir='ltr'>illas,</span> <span class='ocrx_word' id='word_1_228' title='bbox 1473 3817 1677 3926; x_wconf 87' lang='lat' dir='ltr'>inquibus</span> <span class='ocrx_word' id='word_1_229' title='bbox 1699 3815 1855 3902; x_wconf 80' lang='lat' dir='ltr'>herbam</span> 
     </span>
     <span class='ocr_line' id='line_1_27' title="bbox 359 3853 1856 4126; baseline -0.003 -108"><span class='ocrx_word' id='word_1_230' title='bbox 359 3853 627 4018; x_wconf 47' lang='lat' dir='ltr'>{tirannicam</span> <span class='ocrx_word' id='word_1_231' title='bbox 651 3959 673 4014; x_wconf 89' lang='lat' dir='ltr'>a</span> <span class='ocrx_word' id='word_1_232' title='bbox 701 3932 737 4016; x_wconf 88' lang='lat' dir='ltr'>se</span> <span class='ocrx_word' id='word_1_233' title='bbox 765 3931 969 4016; x_wconf 81' lang='lat' dir='ltr'>inventam</span> <span class='ocrx_word' id='word_1_234' title='bbox 992 3931 1148 4016; x_wconf 88' lang='lat' dir='ltr'>testatur</span> <span class='ocrx_word' id='word_1_235' title='bbox 1232 3931 1471 4126; x_wconf 50' lang='lat' dir='ltr'>untinlffiius,</span> <span class='ocrx_word' id='word_1_236' title='bbox 1500 3929 1625 4040; x_wconf 85' lang='lat' dir='ltr'>probe</span> <span class='ocrx_word' id='word_1_237' title='bbox 1643 3929 1856 4041; x_wconf 68' lang='lat' dir='ltr'>perspectas</span> 
     </span>
     <span class='ocr_line' id='line_1_28' title="bbox 350 4041 1858 4160; baseline -0.001 -31"><span class='ocrx_word' id='word_1_238' title='bbox 350 4047 495 4143; x_wconf 56' lang='lat' dir='ltr'>,habuit</span> <span class='ocrx_word' id='word_1_239' title='bbox 519 4065 563 4130; x_wconf 88' lang='lat' dir='ltr'>ut</span> <span class='ocrx_word' id='word_1_240' title='bbox 587 4041 871 4160; x_wconf 87' lang='lat' dir='ltr'>Groninganae</span> <span class='ocrx_word' id='word_1_241' title='bbox 898 4044 1064 4132; x_wconf 86' lang='lat' dir='ltr'>civitatis</span> <span class='ocrx_word' id='word_1_242' title='bbox 1084 4043 1129 4128; x_wconf 80' lang='lat' dir='ltr'>dc</span> <span class='ocrx_word' id='word_1_243' title='bbox 1152 4042 1260 4128; x_wconf 86' lang='lat' dir='ltr'>Civis</span> <span class='ocrx_word' id='word_1_244' title='bbox 1282 4041 1325 4128; x_wconf 86' lang='lat'>&amp;</span> <span class='ocrx_word' id='word_1_245' title='bbox 1379 4041 1549 4130; x_wconf 79' lang='lat' dir='ltr'>roselior.</span> <span class='ocrx_word' id='word_1_246' title='bbox 1609 4045 1644 4128; x_wconf 86' lang='lat' dir='ltr'>Is</span> <span class='ocrx_word' id='word_1_247' title='bbox 1674 4066 1801 4130; x_wconf 88' lang='lat' dir='ltr'>autem</span> <span class='ocrx_word' id='word_1_248' title='bbox 1816 4045 1858 4127; x_wconf 92' lang='lat' dir='ltr'>in</span> 
     </span>
     <span class='ocr_line' id='line_1_29' title="bbox 363 4155 1859 4270; baseline -0.003 -28"><span class='ocrx_word' id='word_1_249' title='bbox 363 4163 507 4245; x_wconf 84' lang='lat' dir='ltr'>notitia</span> <span class='ocrx_word' id='word_1_250' title='bbox 531 4157 767 4246; x_wconf 85' lang='lat' dir='ltr'>Germaniae</span> <span class='ocrx_word' id='word_1_251' title='bbox 788 4155 984 4246; x_wconf 87' lang='lat' dir='ltr'>inferioris</span> <span class='ocrx_word' id='word_1_252' title='bbox 1002 4177 1112 4270; x_wconf 90' lang='lat' dir='ltr'>parte</span> <span class='ocrx_word' id='word_1_253' title='bbox 1123 4157 1150 4241; x_wconf 89' lang='grc' dir='ltr'>Ι.</span> <span class='ocrx_word' id='word_1_254' title='bbox 1179 4157 1225 4241; x_wconf 90' lang='lat' dir='ltr'>in</span> <span class='ocrx_word' id='word_1_255' title='bbox 1242 4183 1342 4242; x_wconf 90' lang='lat' dir='ltr'>voce</span> <span class='ocrx_word' id='word_1_256' title='bbox 1363 4155 1467 4266; x_wconf 88' lang='lat' dir='ltr'>Fons</span> <span class='ocrx_word' id='word_1_257' title='bbox 1490 4171 1610 4269; x_wconf 88' lang='lat' dir='ltr'>aquae</span> <span class='ocrx_word' id='word_1_258' title='bbox 1637 4155 1756 4242; x_wconf 90' lang='lat' dir='ltr'>dulcis</span> <span class='ocrx_word' id='word_1_259' title='bbox 1775 4183 1859 4266; x_wconf 87' lang='lat' dir='ltr'>per·</span> 
     </span>
     <span class='ocr_line' id='line_1_30' title="bbox 362 4263 1860 4384; baseline -0.003 -28"><span class='ocrx_word' id='word_1_260' title='bbox 362 4297 472 4356; x_wconf 78' lang='lat' dir='ltr'>raros</span> <span class='ocrx_word' id='word_1_261' title='bbox 496 4275 539 4354; x_wconf 91' lang='lat' dir='ltr'>in</span> <span class='ocrx_word' id='word_1_262' title='bbox 562 4273 627 4354; x_wconf 88' lang='lat' dir='ltr'>illa</span> <span class='ocrx_word' id='word_1_263' title='bbox 648 4272 814 4384; x_wconf 83' lang='lat' dir='ltr'>regione</span> <span class='ocrx_word' id='word_1_264' title='bbox 843 4265 976 4360; x_wconf 79' lang='lat' dir='ltr'>sontes</span> <span class='ocrx_word' id='word_1_265' title='bbox 1002 4271 1078 4360; x_wconf 81' lang='lat' dir='ltr'>elie</span> <span class='ocrx_word' id='word_1_266' title='bbox 1104 4263 1264 4375; x_wconf 77' lang='lat' dir='ltr'>scribit,</span> <span class='ocrx_word' id='word_1_267' title='bbox 1288 4296 1403 4382; x_wconf 87' lang='lat' dir='ltr'>quare</span> <span class='ocrx_word' id='word_1_268' title='bbox 1425 4292 1491 4356; x_wconf 87' lang='lat' dir='ltr'>aut</span> <span class='ocrx_word' id='word_1_269' title='bbox 1509 4271 1728 4358; x_wconf 87' lang='lat' dir='ltr'>obturatum</span> <span class='ocrx_word' id='word_1_270' title='bbox 1750 4271 1860 4383; x_wconf 67' lang='lat' dir='ltr'>iiluna</span> 
     </span>
     <span class='ocr_line' id='line_1_31' title="bbox 366 4379 1858 4496; baseline -0.003 -26"><span class='ocrx_word' id='word_1_271' title='bbox 366 4379 521 4471; x_wconf 83' lang='lat' dir='ltr'>fontem</span> <span class='ocrx_word' id='word_1_272' title='bbox 539 4383 706 4463; x_wconf 84' lang='lat' dir='ltr'>noxium</span> <span class='ocrx_word' id='word_1_273' title='bbox 725 4387 1047 4494; x_wconf 83' lang='lat' dir='ltr'>opinatur‚cujus</span> <span class='ocrx_word' id='word_1_274' title='bbox 1064 4388 1286 4496; x_wconf 79' lang='lat' dir='ltr'>exemplum</span> <span class='ocrx_word' id='word_1_275' title='bbox 1310 4386 1426 4495; x_wconf 86' lang='lat' dir='ltr'>ponit</span> <span class='ocrx_word' id='word_1_276' title='bbox 1446 4383 1607 4470; x_wconf 79' lang='lat' dir='ltr'>insonte</span> <span class='ocrx_word' id='word_1_277' title='bbox 1620 4379 1858 4483; x_wconf 82' lang='lat' dir='ltr'>Oldeborn&#39;,</span> 
     </span>
     <span class='ocr_line' id='line_1_32' title="bbox 367 4493 1860 4609; baseline -0.003 -28"><span class='ocrx_word' id='word_1_278' title='bbox 367 4516 433 4582; x_wconf 76' lang='lat' dir='ltr'>aru</span> <span class='ocrx_word' id='word_1_279' title='bbox 444 4496 611 4580; x_wconf 91' lang='lat' dir='ltr'>Oceano</span> <span class='ocrx_word' id='word_1_280' title='bbox 626 4493 791 4578; x_wconf 84' lang='lat' dir='ltr'>mersum</span> <span class='ocrx_word' id='word_1_281' title='bbox 806 4495 1039 4585; x_wconf 86' lang='lat' dir='ltr'>&amp;obrutum</span> <span class='ocrx_word' id='word_1_282' title='bbox 1059 4495 1182 4600; x_wconf 79' lang='lat' dir='ltr'>inille,</span> <span class='ocrx_word' id='word_1_283' title='bbox 1195 4494 1332 4584; x_wconf 86' lang='lat' dir='ltr'>addidi</span> <span class='ocrx_word' id='word_1_284' title='bbox 1351 4499 1393 4583; x_wconf 91' lang='lat' dir='ltr'>in</span> <span class='ocrx_word' id='word_1_285' title='bbox 1403 4498 1683 4609; x_wconf 85' lang='lat' dir='ltr'>Brictenburgo</span> <span class='ocrx_word' id='word_1_286' title='bbox 1693 4520 1860 4608; x_wconf 82' lang='lat' dir='ltr'>pag.·4r.</span> 
     </span>
     <span class='ocr_line' id='line_1_33' title="bbox 365 4605 1862 4720; baseline -0.003 -24"><span class='ocrx_word' id='word_1_287' title='bbox 365 4611 488 4697; x_wconf 82' lang='lat' dir='ltr'>etiarn</span> <span class='ocrx_word' id='word_1_288' title='bbox 507 4606 619 4695; x_wconf 81' lang='lat' dir='ltr'>aliam</span> <span class='ocrx_word' id='word_1_289' title='bbox 637 4605 899 4720; x_wconf 70' lang='lat' dir='ltr'>conjeduram</span> <span class='ocrx_word' id='word_1_290' title='bbox 910 4665 925 4715; x_wconf 89' lang='lat'>,</span> <span class='ocrx_word' id='word_1_291' title='bbox 956 4612 1007 4701; x_wconf 86' lang='lat' dir='ltr'>ad</span> <span class='ocrx_word' id='word_1_292' title='bbox 1026 4607 1317 4708; x_wconf 74' lang='lat' dir='ltr'>[imilitudluetu</span> <span class='ocrx_word' id='word_1_293' title='bbox 1335 4614 1497 4704; x_wconf 84' lang='lat' dir='ltr'>aliorum</span> <span class='ocrx_word' id='word_1_294' title='bbox 1519 4609 1689 4701; x_wconf 88' lang='lat' dir='ltr'>fontium</span> <span class='ocrx_word' id='word_1_295' title='bbox 1703 4606 1862 4699; x_wconf 83' lang='lat' dir='ltr'>exaruis-</span> 
     </span>
    </p>

    <p class='ocr_par' dir='ltr' id='par_1_7' title="bbox 369 4719 1864 4926">
     <span class='ocr_line' id='line_1_34' title="bbox 369 4719 1532 4818; baseline -0.003 -6"><span class='ocrx_word' id='word_1_296' title='bbox 369 4727 407 4814; x_wconf 82' lang='lat' dir='ltr'>se</span> <span class='ocrx_word' id='word_1_297' title='bbox 428 4753 519 4818; x_wconf 85' lang='lat' dir='ltr'>curn</span> <span class='ocrx_word' id='word_1_298' title='bbox 534 4719 649 4813; x_wconf 87' lang='lat' dir='ltr'>forte.</span> <span class='ocrx_word' id='word_1_299' title='bbox 1100 4775 1105 4780; x_wconf 91' lang='lat'>-</span> <span class='ocrx_word' id='word_1_300' title='bbox 1520 4731 1532 4738; x_wconf 86' lang='grc'>”</span> 
     </span>
     <span class='ocr_line' id='line_1_35' title="bbox 1752 4837 1864 4926; baseline -0.027 0"><span class='ocrx_word' id='word_1_301' title='bbox 1752 4837 1794 4926; x_wconf 88' lang='lat' dir='ltr'>A</span> <span class='ocrx_word' id='word_1_302' title='bbox 1822 4837 1864 4923; x_wconf 94' lang='lat' dir='ltr'>D</span> 
     </span>
    </p>
   </div>
   <div class='ocr_carea' id='block_1_7' title="bbox 0 0 2183 5650">
    <p class='ocr_par' dir='ltr' id='par_1_8' title="bbox 0 0 2183 5650">
     <span class='ocr_line' id='line_1_36' title="bbox 0 0 2183 5650; baseline 0 0"><span class='ocrx_word' id='word_1_303' title='bbox 0 0 2183 5650; x_wconf 95' lang='lat' dir='ltr'> </span> 
     </span>
    </p>
   </div>
  </div>
 </body>
</html>
