4292 5650
713 331 935 447 ‚424
1063 301 1328 408 nn
1454 294 3370 440 BR1TTENBURGQ

659 541 697 584 ι
718 497 1106 612 peratoris
1144 523 1508 584 nummos
1550 493 1850 584 facilius
1876 555 1907 599 ,
1964 499 2113 583 illis
2165 500 2706 606 caerimoniis,
2766 507 3043 618 quibus
3101 536 3468 602 nummos
3522 520 3717 609 olim

720 612 1059 719 abjicere
1086 611 1430 697 iblebant
1465 611 1866 714 Romani,
1924 613 2244 699 aliorum
2280 612 2649 718 judicium
2685 617 2911 715 esto.··
2956 621 3293 720 ,Deilio
3333 626 3713 719 Martialis

719 725 939 812 versu
980 724 1133 811 hoc
1163 721 1398 811 addo.
1514 722 1812 841 Urebat
1838 746 2162 834 poetam
2190 744 2321 810 aut
2351 724 2893 818 admiratorem
2923 741 3127 840 ejus,
3185 724 3410 852 quod
3454 771 3498 827 a
3533 743 3711 830 Bri·

722 837 982 924 tannis
1016 824 1224 924 forte
1254 837 1403 924 &a
1424 832 1701 939 Getis,
1755 833 1842 921 ut
1873 837 2029 947 ipse
2068 834 2293 944 jactat
2333 836 2537 926 libio
2565 839 2718 928 XI.
2762 846 3013 960 epigr.
3050 873 3121 956 3.
3160 848 3637 966 legebatur,
3667 884 3711 942 a

718 947 1029 1038 Batavis
1074 969 1330 1037 autem
1376 952 1607 1061 plane
1665 950 2361 1053 contemnebatur,
2422 953 2512 1041 δε
2552 956 2772 1065 quod
2819 957 2908 1042 hi
2963 962 3262 1052 ratione
3323 962 3542 1052 ducti
3599 966 3709 1054 fa.

717 1063 1077 1164 ciebant,
1140 1062 1296 1149 hoc
1335 1064 1467 1150 ille
1496 1061 1889 1147 rusticitati
1928 1060 2222 1150 tribuit.
2346 1073 2354 1081 '
2559 1068 2566 1074 '
3096 1086 3107 1101 ⁴
3337 1062 3344 1068 ’
3610 1070 3646 1116 -’

832 1178 1309 1288 Quanquam
1346 1172 1844 1261 autem-haud
1876 1171 2285 1263 difficiliter
2323 1175 2483 1266 hoc
2509 1177 2759 1267 modo
2791 1181 2882 1268 ab
2914 1184 3204 1292 injuriis
3239 1209 3518 1298 poetae
3559 1190 3701 1278 de-

715 1286 1067 1374 fenditur
1104 1291 1435 1374 Batava
1482 1291 1760 1389 auris,
1817 1315 1993 1373 non
2021 1310 2284 1374 tamen
2319 1294 3012 1399 praetermittenda
3049 1285 3236 1384 duxi
3257 1355 3287 1400 ‚
3346 1330 3541 1413 quae
3564 1306 3703 1389 ali-

717 1398 1043 1514 quando
1090 1402 1470 1515 cogitatio
1518 1402 1656 1487 alia
1697 1399 2039 1486 animum
2054 1401 2396 1489 subierit.
2510 1406 2892 1492 Dubitavi
2931 1408 3314 1521 namque,
3372 1444 3471 1503 an
3505 1417 3702 1506 inde

715 1516 915 1599 auris
948 1515 1242 1599 Batava
1295 1515 1377 1600 in
1407 1513 1913 1625 proverbium
1961 1513 2275 1615 abierit,
2331 1513 2550 1711 guod
2594 1536 2679 1619 ut
2717 1519 2986 1605 Batavi
3035 1519 3286 1610 forma
3330 1529 3693 1634 proceri,

773 1624 1279 1738 randibusque
1347 1625 1718 1714 membris
1779 1624 1885 1710 8ο-
1927 1625 2277 1727 artubuS,
2393 1656 2436 1711 c
2488 1630 2724 1715 etiam
2788 1633 3095 1718 auribus
3146 1638 3699 1744 prolix10ribus

754 1741 1007 1827 uerint
1030 1798 1060 1843 ,
1119 1735 1540 1845 cujusmodi
1611 1765 1828 1825 aures
1884 1739 2412 1823 cavillantium
2456 1740 2641 1846 jocis
2674 1740 3016 1830 'fuerunt
3073 1745 3466 1856 expositae
3504 1809 3535 1853 ,
3606 1772 3698 1841 ut

699 1850 1019 1938 'Claudii
1058 1853 1147 1942 δε
1189 1851 1535 1939 Neronis
1577 1878 1619 1933 a
1648 1847 1908 1936 Persio
1945 1871 2254 1942 notatas
2287 1852 2620 1964 legimus
2637 1854 2760 1969 'in
2802 1858 3124 1969 antiquo
3153 1879 3437 1968 poetae
3477 1863 3700 1971 haim

710 1965 1136 2055 Scholiaste
1200 1963 1298 2050 ad
1339 1966 1706 2078 Satyram
1735 1964 1793 2047 I.
1826 1993 1904 2048 v.
1948 1970 2129 2048 121'.
2231 1964 2474 2050 Tales
2528 1984 2788 2054 autem
2844 1997 3060 2054 aures
3124 1972 3701 2085 cognoscuntur

706 2081 795 2166 in
842 2076 1078 2193 lignis
1110 2084 1202 2164 ac
1235 2077 1697 2194 imaginibus
1749 2077 2174 2186 priscorum
2226 2073 2758 2180 Batavorum,
2820 2109 3140 2192 quartun
3187 2111 3422 2170 unam
3470 2085 3696 2176 dono

708 2190 904 2279 mihi
935 2187 1139 2275 haud
1175 2192 1287 2279 ita
1317 2188 1625 2300 pridem
1656 2183 1877 2274 dedit
1907 2190 2057 2274 Vir
2097 2187 2635 2299 Amplissimus
2681 2192 2755 2306 J.
2784 2192 2902 2277 M.
2940 2195 3365 2283 Haesbaert
3395 2199 3692 2286 Cliviae

703 2304 1044 2388 'civitatis
1090 2304 1240 2390 Vir
1275 2302 1711 2393 Consularis
1769 2301 1859 2390 &
1912 2299 2287 2389 studiosus
2337 2300 2795 2389 eruditionis
2864 2307 3275 2415 antiquae,
3331 2337 3548 2418 raro,
3605 2330 3694 2402 ut

704 2417 798 2518 in
834 2416 965 2503 illa
994 2432 1289 2534 gente,
1349 2418 1758 2530 exemplo.
1852 2416 2294 2532 Imaginem
2331 2414 2655 2507 exhibui
2684 2416 2774 2503 in
2808 2415 2950 2504 hac
2970 2416 3316 2525 Tabula,

693 3922 902 4022 quae
962 3909 1181 3991 aures
1226 3913 1403 3988 non
1451 3899 1761 3984 tantum·
1815 3894 2055 3985 solitis
2110 3890 2572 4010 prolixiores
2625 3890 3202 4010 repraesentatg
3269 3898 3689 4009 eujusmodi

703 4021 939 4106 etiam
986 4015 1197 4131 apud
1235 4015 1620 4103 SmetIum
1673 4011 2164 4125 reperiuntur
2202 4070 2232 4115 ,
2311 4011 2444 4101 sed
2497 4014 2585 4101 ὅτ.
2630 4014 2852 4123 supra
2893 4012 2980 4096 in
3037 4019 3340 4102 acutum
3393 4042 3686 4100 exeun·
3800 4073 3811 4078 »

695 4145 824 4218 tes
842 4188 869 4233 ‚
926 4150 1018 4220 ut
1066 4130 1284 4219 dicas
1318 4157 1420 4217 ex
1478 4130 1605 4215 vul
1667 4127 1775 4212 ari
1820 4127 2114 4213 aurium
2155 4126 2621 4215 Batavarum
2670 4125 3039 4213 convicio
3095 4129 3184 4211 in
3233 4128 3471 4213 lusum
3526 4124 3683 4214 for-

703 4261 953 4336 matus
1005 4242 1105 4329 ab
1163 4240 1456 4331 artifice
1494 4301 1525 4345 ‚
1600 4156 1705 4328 ge
1764 4268 1915 4351 qua
1971 4238 2347 4328 artificum
2406 4237 2970 4327 consuetudine
3016 4236 3206 4327 vide
3253 4239 3690 4339 Martialem

704 4382 756 4444 e
814 4354 1356 4473 igrammatum
1416 4356 1620 4441 libro
1669 4355 1924 4440 XIV.
2002 4356 2374 4468 epigram.
2440 4359 2623 4462 176.
2710 4354 2968 4440 Plures
3019 4352 3383 4461 ejufinodi
3431 4380 3693 4465 nuper

790 4466 1203 4583 utphaniae
1254 4461 1418 4551 vidi
1476 4464 1565 4546 in
1617 4463 2185 4551 instructissimo
2228 4465 2698 4554 nlustriffimi
2739 4466 3137 4557 Hekerani
3185 4463 3695 4578 Gazophyla-

703 4583 862 4697 „⁶102
974 4579 1174 4675 Non
1211 4576 1609 4671 diffimnes
1638 4573 1791 4666 hae
1823 4594 2050 4665 erant
2088 4577 2290 4682 illie,
2324 4606 2531 4692 quas
2567 4582 2986 4699 johannes
3044 4580 3382 4694 Smetius
3426 4576 3693 4690 depic-

893 4757 911 4771 .
1758 4741 1764 4744 ·
3562 4703 3692 4775 ‘tas
