4292 5650
275 227 398 436 ,ῃ
513 208 1662 405 onnnrrrnusunoo

339 561 348 576 .
394 493 506 580 Haec
537 509 666 578 antem
698 485 873 600 quaeda
909 487 1082 576 Matrum
1110 490 1435 602 appellationibus
1459 496 1649 606 apopulo
1670 508 1736 576 aut
1757 488 1849 582 loco

340 603 525 699 desumtis
552 603 782 702 donamus,
811 599 841 688 fi
872 605 1130 716 cogitaretis,¹
1160 629 1276 716 atque
1299 609 1372 692 iliis
1402 628 1604 717 praeterea
1618 603 1846 706 addideris,

336 749 438 830 quae
467 717 531 834 jo.
560 715 757 830 Georgius
789 716 848 800 ab„
864 715 1033 804 Echhart
1053 721 1096 804 in
1117 716 1381 807 differtatione
1403 717 1454 806 de
1474 721 1665 832 Apolline
1684 716 1849 807 Granoo

340 833 579 944 Mogoono,
608 831 745 916 inserta
770 829 816 915 ab
842 827 1038 916 Atratum
1072 827 1327 941 Liphenhum
1359 835 1588 921 Editoribus
1607 835 1853 945 supplemen-

340 951 390 1032 tis
407 947 533 1034 Tomi
553 945 634 1032 IX.
664 941 769 1029 Sea.
794 943 886 1038 VII
898 943 926 1026 Ι.
956 971 1045 1058 pag.
1070 948 1162 1050 346.
1185 947 1338 1033 erudite
1360 946 1415 1038 est
1432 935 1855 1055 commentatus30ni-

336 1061 530 1146 minuero
564 1055 657 1144 haec
684 1051 714 1140 fi
744 1051 794 1140 ad
821 1053 974 1154 Matres
993 1057 1138 1142 Brittas
1158 1061 1361 1162 retuleris,
1391 1059 1570 1154 dubitare
1595 1061 1731 1170 utique
1757 1086 1847 1144 non

340 1171 642 1284 pateris,:·quin
665 1189 731 1254 aut
760 1197 781 1252 a
809 1171 922 1271 loco,
954 1191 1060 1258 ruta
1087 1177 1260 1283 populo,
1291 1175 1353 1260 cui
1373 1176 1529 1261 Britten
1543 1201 1692 1262 nomen
1708 1170 1848 1273 suerit,

341 1285 490 1374 Matres
518 1285 603 1372 illae
629 1283 776 1368 Brittue
800 1278 876 1366 hnc
900 1311 922 1368 c
980 1287 1218 1372 nominatae.
1275 1288 1361 1380 hno
1378 1285 1555 1376 dubitare
1572 1286 1849 1398 nonpoteria‚

340 1429 433 1486 eum
464 1401 596 1484 locum
621 1399 860 1506 populumne
891 1310 998 1484 uiis
1015 1397 1126 1501 illic,
1168 1402 1237 1489 ubi
1255 1403 1349 1512 lapis
1368 1402 1430 1487 hic
1455 1400 1509 1488 est
1530 1395 1685 1488 effoisua
1706 1397 1757 1484 ad
1780 1399 1856 1484 Ca·

341 1513 414 1598 stra
445 1517 621 1614 Vetera,
651 1507 699 1594 ad
725 1537 844 1619 qrrem
874 1511 991 1608 etiarn
1017 1512 1147 1596 locum
1175 1516 1344 1617 milites,
1371 1518 1438 1626 qui
1457 1541 1537 1600 aras
1556 1511 1623 1598 has
1640 1515 1853 1624 posuerunt

342 1625 536 1724 Manibus
554 1623 642 1723 his,
671 1623 966 1708 Sacramentum
984 1625 1135 1737 legioni
1159 1627 1214 1710 illi
1233 1625 1381 1716 dictum
1402 1627 1583 1714 revinxit.
1642 1626 1689 1710 ln
1708 1627 1772 1710 illa
1793 1653 1852 1712 er·
2013 1672 2015 1675 ·

341 1769 401 1854 go
421 1739 587 1849 regione
605 1732 848 1845 quaerendus
865 1737 920 1820 est
939 1735 1154 1822 Brittorum
1175 1744 1373 1850 populus,
1387 1741 1432 1830 &
1446 1739 1589 1833 nediu
1608 1766 1764 1848 quaeras
1776 1763 1853 1840 ,en

344 1854 414 1938 tihi
443 1854 588 1938 Birten
617 1851 679 1936 vel
700 1850 877 1950 Berten,
908 1849 1017 1932 vicus
1046 1845 1168 1933 hodie
1188 1851 1290 1936 haud
1313 1855 1435 1961 longe
1463 1851 1614 1936 dilhtus
1634 1850 1683 1934 ab
1698 1847 1852 1961 oppido

339 1955 507 2072 ,Santen
546 1964 746 2050 Nonnulli
763 1961 868 2046 hunc
903 1963 1032 2046 vicum
1055 1962 1259 2057 Bertheirn
1278 1963 1324 2050 &
1345 1962 1542 2050 Brither'm
1573 1963 1853 2066 nominarunt,

344 2101 391 2182 pt
420 2081 651 2192 ambiguum
684 2101 770 2160 non
794 2071 869 2174 ht,
896 2101 979 2158 non
1007 2075 1139 2160 locum
1157 2077 1322 2164 Brittan
1339 2073 1446 2166 fuiffe
1463 2073 1636 2177 diorum,
1661 2071 1726 2162 sed
1751 2077 1853 2162 Brit·

344 2211 477 2284 toturn
497 2191 690 2301 populum
715 2186 794 2272 illic
815 2183 1018 2287 habitasse,
1047 2188 1246 2276 Brither'm
1261 2217 1430 2302 namque
1449 2190 1744 2304 uetustalingua
1759 2189 1852 2278 Gal·

345 2309 419 2400 tica
450 2303 495 2392 &
518 2300 755 2388 Germanica
787 2297 1011 2386 Brittonum
1042 2297 1174 2387 sedem
1200 2323 1325 2390 notat.
1385 2305 1510 2390 Nolui
1536 2323 1666 2402 autern
1684 2325 1724 2389 te
1743 2300 1854 2415 quid-

346 2445 464 2530 quam
483 2435 643 2507 moueat
663 2414 898 2501 literarume
919 2412 961 2499 δι
977 2416 991 2497 i
1008 2413 1255 2518 metathelis‚
1273 2445 1373 2530 quae
1393 2417 1527 2502 crebra
1551 2415 1606 2502 est
1624 2419 1667 2500 in
1687 2405 1767 2501 ihis
1783 2443 1853 2502 vo

344 2533 479 2633 cibus,
511 2529 745 2638 &usurpata
773 2528 816 2612 in
842 2529 920 2640 ipsa
937 2527 1006 2644 hac
1031 2558 1131 2624 voce
1155 2531 1203 2615 ah
1229 2532 1298 2632 iis,
1328 2535 1395 2642 qui
1412 2527 1649 2616 Germanica
1665 2528 1853 2616 Dialeon

184 2717 188 2726 .
347 2663 531 2732 utuntur„
586 2640 846 2726 Buchananus
876 2667 1044 2752 namque
1075 2670 1205 2726 rerum
1226 2645 1467 2730 Scoticarum
1500 2641 1662 2728 libro‘l.
1692 2669 1782 2754 pag.
1814 2662 1848 2747 5.

347 2755 472 2848 docet
493 2755 703 2849 Britannos
720 2781 740 2841 a
758 2747 879 2839 Gallis
903 2753 1051 2865 ahisque
1073 2757 1257 2865 populis,
1293 2752 1376 2843 imo
1393 2758 1442 2843 ab
1463 2751 1552 2867 iphs
1573 2754 1690 2843 etiam
1711 2755 1853 2841 rasura..

346 2872 411 2962 ,nis
438 2899 523 2957 non
552 2863 809 2981 productiore
831 2868 1023 2955 uocabulo
1049 2866 1157 2955 fuihe
1185 2868 1345 2971 dictos,
1374 2868 1441 2956 sed
1470 2869 1648 2957 breviore
1676 2872 1855 2957 Britten.

348 2986 408 3073 Ita
427 3006 556 3071 antem
576 2980 845 3067 Buchananus.
902 2983 1012 3068 Nam
1033 2978 1091 3085 &⁹
1112 2984 1219 3072 Galli
1231 2991 1429 3097 propiores
1449 2984 1703 3069 BnaTTas
1730 2985 1865 3094 appele

348 3100 435 3189 lant
453 3122 577 3187 omnes
587 3092 763 3205 seminas
773 3096 1029 3181 Britannicas
1048 3092 1105 3200 &⁹
1119 3096 1275 3185 Bretter
1291 3101 1523 3183 Britannice
1539 3096 1667 3207 loqui,
1679 3091 1737 3197 &³
1753 3098 1857 3179 Pro·

349 3217 581 3303 montorium
618 3212 861 3321 Aquitaniae
893 3212 1010 3315 nuhaa
1041 3211 1127 3316 Cap
1172 3211 1343 3293 Bretton
1378 3207 1565 3307 dicitur,
1613 3202 1670 3310 &⁹
1693 3212 1854 3321 utrique

350 3328 477 3423 Scoti,
504 3322 572 3408 hoc
593 3318 644 3428 pi
668 3314 890 3423 Albinenses
913 3316 969 3423 &⁹
999 3318 1253 3427 Hibtrnenles
1272 3323 1333 3433 fic
1356 3324 1579 3433 loquantum
1634 3320 1686 3407 Id
1699 3336 1856 3405 tanturn

350 3432 532 3542 interest,
560 3432 662 3547 quod
680 3435 750 3545 qui
772 3434 1009 3517 Germanica
1025 3427 1198 3533 Dialclio
1212 3434 1388 3543 gandent
1406 3492 1420 3534 ‚
1440 3435 1637 3521 interdurn
1660 3434 1856 3549 transpose·

347 3552 455 3643 tione
470 3550 693 3634 litterarum
708 3560 940 3633 menturae
955 3543 990 3629 B
1003 3568 1184 3632 aaron
1210 3564 1286 3663 pro
1305 3548 1454 3635 Baeton
1470 3549 1685 3659 ptulerunt.
1743 3544 1859 3640 idem

352 3688 509 3775 quoque
533 3658 633 3744 libro
657 3658 711 3743 11.
741 3686 829 3775 pag.
858 3679 925 3767 73.
964 3658 1111 3762 tradit,
1149 3661 1398 3747 eamiinsulae
1421 3683 1574 3772 partem
1594 3718 1610 3764 ‚
1630 3688 1737 3771 quae
1756 3659 1853 3747 olim

354 3774 476 3862 dusto
495 3774 598 3859 vallo
615 3772 808 3875 Romanis
826 3772 1009 3883 parebat,
1040 3774 1089 3859 ah
1108 3772 1198 3885 iphs
1219 3775 1417 3860 Britannis
1434 3772 1695 3885 scriptoribus
1708 3774 1857 3887 saepius

354 3892 556 3975 Brittones
577 3910 695 3998 qnam
713 3886 932 3990 Britannos
955 3888 1146 3997 appellari.
1191 3884 1317 3990 ,Adde
1333 3886 1425 3971 huic
1444 3886 1692 3974 Camdenum
1710 3888 1753 3971 in
1769 3888 1856 3973 Bri-

355 4000 490 4087 tannia
507 4028 594 4113 pag.
618 4000 681 4087 26.
720 3996 910 4101 ‚Eadem
940 3998 1086 4107 inquit,
1116 4004 1264 4087 ratione
1282 4001 1729 4111 neceffarrocredamns,
1755 4000 1856 4086 hanc

356 4106 519 4223 napinam
543 4114 701 4213 insulam
727 4112 983 4197 Britanniam
1013 4113 1064 4198 ab
1090 4115 1219 4198 ¹incolis
1243 4114 1521 4199 denominatam
1539 4112 1628 4227 effe,
1658 4136 1751 4227 quot
1771 4110 1857 4196 Brit
1885 4202 1889 4207 ,

357 4229 423 4312 rel
453 4224 574 4321 Brith,
593 4224 766 4311 barbare
783 4224 900 4335 stifft
934 4218 1051 4315 ditius
1077 4226 1306 4341 persuadent
1340 4232 1521 4315 nonnulli.
1579 4221 1855 4313 Witichindtrs

357 4340 475 4428 etium
499 4336 721 4429 Monachus
747 4338 1019 4443 Corbejenhs,
1039 4340 1105 4449 qui
1128 4340 1275 4425 saeculo
1299 4338 1454 4430 decimo
1475 4342 1574 4427 vixit
1588 4337 1756 4425 Othone
1774 4338 1860 4451 Ma

357 4482 443 4569 gno
464 4451 704 4560 imperante,
723 4448 764 4531 in
781 4445 1000 4535 Annalibus
1010 4454 1087 4539 suis
1098 4450 1310 4538 Britannos
1325 4456 1474 4565 semper
1489 4458 1650 4539 Brettos
1665 4453 1855 4538 nominat.

23 4618 24 4657 r
352 4572 587 4661 Brittorum
616 4588 772 4673 quoque
794 4563 1038 4649 mentionem
1061 4562 1154 4649 facit
1177 4566 1331 4651 Notitia
1355 4568 1545 4676 imperii,
1578 4562 1672 4649 dum
1713 4566 1857 4651 Tribu-

23 4662 26 4847 p
358 4709 449 4787 nour
463 4676 638 4769 Cohortis
655 4674 1068 4779 ternaessurrroa
1081 4703 1151 4768 uu
1167 4679 1345 4798 Abustna
1362 4682 1534 4774 recenset
1551 4681 1619 4769 sub
1634 4676 1858 4794 dispositio-

421 4810 425 4820 ·
859 4810 863 4817 “
1125 4801 1129 4814 ¹
1163 4804 1168 4811 '
1630 4866 1635 4880 .
1710 4862 1715 4874 .
1806 4817 1861 4877 ne
