4292 5650
341 356 442 450 na
520 337 651 440 un
713 294 1570 442 'uulnunuuu'ue
1604 343 1673 446 0.

345 521 648 614 Guicciardinus
689 523 732 608 in
767 497 1036 631 descriptione
1063 523 1293 639 Belgicae,
1341 553 1387 612 ea
1412 547 1532 722 parte
1572 555 1661 639 qua·
1690 529 1855 618 Hollanss

347 639 453 726 diam
499 637 711 749 exponit,
757 632 944 746 additque
982 656 1184 748 praeterea
1218 640 1360 724 iterum
1395 640 1611 752 iemmque
1648 671 1700 728 ex
1746 645 1855 754 aquis

247 769 252 777 ’
347 749 535 840 emerfille
556 753 619 836 sua
641 746 841 848 aetate,id
855 745 965 860 quod
982 749 1246 837 &Cluverius
1262 750 1420 837 testatur
1436 750 1487 839 de
1502 755 1622 839 tribus
1642 756 1776 842 Rheni
1788 758 1857 840 Al-

349 869 433 956 veis
462 894 545 976 cap.
562 863 694 950 XIV.
739 865 913 949 recenset
937 883 1066 950 amem
1098 891 1224 950 annos
1254 864 1329 950 hoe
1359 865 1684 970 Guicciardinus,
1726 872 1855 980 primo

357 978 598 1066 cloloun.
630 976 772 1062 itemm
799 974 1105 1062 cloleexun
1125 1005 1369 1072 ¹eosunnoe
1400 982 1516 1064 etiam
1548 977 1854 1094 designatScri·

357 1095 486 1179 verius
519 1092 563 1176 in
596 1089 785 1176 tabulario
814 1087 1107 1199 Antiquitatum
1139 1091 1418 1176 Batavicerum.
1478 1091 1619 1176 Paulina
1654 1097 1704 1179 in·
1737 1093 1856 1178 Anti·
1894 1115 1900 1126 ·

282 1276 284 1281 .
350 1205 560 1318 quitatibus
596 1198 890 1288 Catvicenfibus
933 1231 1022 1317 pag.
1060 1229 1152 1288 111.
1202 1205 1473 1294 ex·Scriverio
1507 1183 1663 1316 quoque
1697 1205 1754 1288 his
1791 1209 1853 1290 in-
1952 1221 1959 1228 ·

350 1321 532 1430 terponit
572 1317 717 1400 almum
754 1314 1129 1402 cIsIonxxxn.
1171 1318 1216 1404 dc
1250 1315 1427 1432 adjungit
1458 1319 1531 1402 illis
1570 1321 1685 1403 etiam
1707 1345 1854 1402 annum

353 1434 625 1520 clslsexxvl.
639 1430 823 1514 Nicolaus
843 1425 1098 1516 Claevalierus
1119 1459 1214 1517 vero
1229 1429 1271 1516 in
1287 1431 1385 1519 libro
1402 1431 1552 1516 Gallice
1565 1433 1708 1542 scripto
1715 1456 1856 1542 ,quem
2020 1451 2023 1458 ’

351 1547 496 1657 satepius
523 1542 854 1642 nominavimus,
888 1562 1052 1643 narrat,
1087 1543 1162 1630 sese
1201 1571 1309 1630 anno
1329 1546 1677 1630 elalscuxxxvn.
1715 1543 1854 1656 scapha

351 1656 527 1771 petiille,
554 1656 845 1768 imaginemque
865 1663 970 1758 ejus,
999 1677 1044 1740 ut
1063 1659 1138 1739 ase
1161 1657 1424 1742 animadversa
1449 1658 1493 1742 &
1510 1655 1669 1782 depitia
1686 1657 1741 1742 est
1764 1683 1854 1766 pro

354 1765 418 1858 dit
443 1771 597 1856 Tabula
626 1773 703 1867 V.,
732 1767 1042 1851 conuenientem
1069 1769 1109 1852 ei
1135 1765 1309 1868 formae,
1340 1795 1454 1878 quam
1487 1771 1700 1855 Scriverius
1732 1767 1854 1854 dedit.
1908 1775 1912 1779 ’

350 1880 483 1974 Addit
500 1898 699 1994 praeterea
726 1899 984 1964 monumenta
1008 1875 1201 1991 quaedam
1235 1882 1391 1990 antiqua
1411 1911 1432 1964 a
1454 1882 1529 1967 sese
1555 1902 1671 1992 atque
1702 1885 1784 1966 aliie
1804 1909 1854 1966 eo

352 2022 534 2110 tempore
549 1990 643 2079 inde
662 2010 880 2102 reportata,
910 2019 1085 2100 quaeres
1103 1990 1345 2080 documento
1373 1992 1462 2078 sunt
1481 1992 1603 2080 modo
1630 1993 1774 2080 auctori
1792 1994 1855 2078 sua
1885 2039 1888 2048 ·
1919 1985 1932 2002 “
2016 2077 2020 2084 ,

351 2109 452 2198 fides
469 2105 647 2208 constet,
676 2133 725 2192 eo
743 2131 850 2190 anno
868 2099 1039 2192 {imiliter
1059 2108 1181 2193 oculis
1201 2105 1407 2192 hominum
1431 2105 1589 2218 patuille
1606 2107 1751 2192 Arcem
1763 2163 1777 2208 ,
1790 2125 1854 2192 aut
1875 2197 1879 2206 ,

352 2223 481 2309 dicam
495 2222 629 2332 potius
649 2217 765 2340 Artis
783 2215 1064 2327 pulcherrimae
1087 2215 1262 2305 cadaver.
1322 2217 1422 2302 Inde
1442 2239 1572 2304 autem
1597 2220 1644 2303 ab
1667 2223 1734 2304 illo
1755 2241 1854 2303 tem·

183 2430 190 2447 ,
352 2365 476 2448 pore,
505 2329 610 2442 quod
623 2333 726 2433 scio,
753 2357 952 2441 nunquam
971 2331 1162 2442 deinceps
1184 2332 1303 2418 oculis
1323 2333 1471 2440 patuit,
1494 2329 1561 2416 sed
1576 2332 1745 2416 Oceano
1763 2360 1855 2442 pro-

275 2501 278 2510 ·
352 2447 480 2536 fundo
503 2443 605 2529 vidia
626 2465 739 2557 atque
758 2444 896 2530 obruta
940 2445 1070 2530 enitus
1089 2439 1198 2532 sedet
1219 2465 1493 2552 aeternumque
1517 2439 1694 2542 sedebit,
1722 2463 1767 2529 ut
1783 2471 1855 2554 pu-

335 2583 420 2666 Χτο,
448 2556 652 2669 liquidem
672 2557 883 2667 quotannis
902 2473 984 2642 ἐκ
1005 2587 1026 2642 a
1044 2575 1145 2644 terra
1163 2559 1321 2672 longius
1348 2556 1543 2640 inminuto
1575 2557 1780 2666 evulsoque
1795 2558 1855 2642 lit·

354 2698 443 2762 tore
462 2669 622 2758 recedit.
682 2665 983 2755 Guicciardinus
1009 2699 1030 2752 a
1054 2669 1219 2756 Cetvico
1243 2726 1256 2768 ,
1293 2667 1358 2776 qui
1378 2694 1502 2780 pagus
1525 2693 1632 2750 nunc
1659 2669 1700 2750 in
1718 2671 1854 2754 littore

354 2788 412 2877 est
428 2807 544 2900 parte
559 2787 678 2872 etiam
694 2782 741 2869 ab
764 2785 931 2872 Oceano
946 2779 1103 2886 hausta,
1133 2779 1460 2897 Brittenburgum
1477 2777 1616 2869 distare
1631 2780 1758 2870 scribit
1775 2768 1854 2894 pal.

353 2906 414 2993 sus
434 2900 614 2988 mille&
628 2901 844 2986 sexcentos.
931 2972 935 2979 .

490 3195 494 3203 ·
635 3092 1496 3305 .cauuTXna

366 3468 509 3577 Colini
528 3466 674 3593 verfhs
692 3474 941 3595 exponitur.
977 3462 1173 3563 Batden.
1190 3464 1380 3563 Garven
1397 3458 1858 3591 anSaemriumſsgni-

412 3598 592 3735 ficerat?
625 3596 953 3701 Gaervkamer'
993 3598 1103 3702 uid?
1138 3601 1361 3701 Gaerven
1376 3618 1658 3730 praeparare,
1675 3596 1858 3693 adorna.-

308 3753 312 3771 '
431 3780 491 3843 te.
544 3738 782 3839 Videntur
814 3776 910 3837 arae
940 3635 1322 3869 drittetzbutgicne
1353 3732 1568 3864 constituti
1602 3720 1856 3831 Sacerdotes

431 3875 569 3978 Bardi
588 3876 711 4013 opud
739 3872 894 3974 Gallos
920 3908 1007 3971 non
1032 3870 1215 3973 adhibiti
1239 3871 1300 3971 nd
1322 3866 1645 3989 immutandum,
1663 3866 1753 3996 sed
1765 3866 1860 3965 Eu·

434 4015 594 4150 hagae.
666 4009 953 4134 Bardorum,
987 4010 1287 4144 Euhagarum
1306 4002 1362 4113 &⁹
1385 4005 1663 4109 Druidarum
1683 4002 1862 4131 discreta

350 4194 357 4204 ³
386 4208 393 4219 ·
434 4185 618 4251 munem.
691 4148 895 4250 Sacram
914 4182 973 4247 an
1000 4147 1064 4246 ad
1084 4180 1183 4247 aras
1205 4139 1414 4269 suerint?
1456 4140 1563 4241 Non
1583 4138 1759 4239 'videtur
1781 4134 1865 4234 Sa·

438 4284 890 4419 crariumfignffictfft
916 4281 1102 4385 Colinus.
1173 4280 1352 4387 Barden
1381 4276 1574 4412 Garven
1593 4310 1651 4373 an
1678 4274 1866 4373 militum

438 4417 967 4549 manipulosstgnficent?
1001 4420 1162 4518 Garve
1186 4419 1452 4550 inanipulttm
1474 4429 1619 4513 notat?
1677 4408 1782 4514 Fuit
1802 4412 1865 4509 lu-

366 4564 370 4571 ’
438 4556 516 4659 dus
542 4556 779 4653 litterarius
816 4561 864 4652 in
895 4552 1199 4683 Coninefittum
1240 4578 1368 4653 tetre.
1441 4548 1648 4684 Suspicio
1683 4546 1864 4647 Barden

440 4694 634 4817 Garven
669 4690 917 4811 Bardorttm
956 4690 1261 4819 istitutionem
1282 4693 1366 4817 sau
1387 4685 1582 4821 sedulam
1602 4683 1863 4919 figmfithre.

805 4908 809 4913 .
1804 4852 1868 4917 ar.

2133 4885 2143 5025 l
