4292 5650
337 336 402 460 ⁶0
519 313 1672 446 oaaarrrsunuuuno
1799 439 1805 456 ,
1933 235 1936 246 ’

336 523 483 618 aa&
501 479 666 610 otuu
694 549 736 606 n.
766 537 805 624 7·
837 515 949 623 Quin
968 513 1850 613 mummarnnnumnemnrrnsanvrntr,

335 625 568 750 inseiisrnnt
590 634 641 721 ad
658 633 867 722 Coloniam
880 628 1240 748 Agrippinensem,
1270 627 1328 718 ibi
1343 650 1451 720 certe
1483 648 1612 718 erutus
1634 628 1753 740 lapis,
1783 647 1847 720 cua

331 749 582 888 itunaeqest
599 748 814 860 Inscriptio.
1724 825 1733 838 ο

656 1010 660 1019 ·
772 973 1031 1061 INHDD
1135 1011 1140 1018 ·

810 1085 1062 1174 DIABVS

774 1197 1101 1286 MALVISIS

723 1311 1158 1398 ETSILVANO

776 1423 1157 1512 AVR.VERB

810 1537 1142 1630 cutinus·
1281 1613 1300 1628 ,,

722 1648 1128 1738 ORD.BRITO
1220 1721 1229 1738 .

769 1759 1131 1853 V.S.L'.M·.
1211 1831 1303 1850 ..
1411 1845 1484 1854 .,

336 1999 449 2085 Hanc
463 1993 516 2082 ob
533 1993 668 2080 oculos
684 1989 808 2102 ponit
822 1987 1016 2074 ‚Gruterus
1030 1996 1122 2100 pag.
1145 1984 1273 2073 xci.
1289 2013 1329 2072 n.
1349 1988 1386 2074 6.
1444 1986 1663 2103 Keyslems
1688 1993 1732 2076 in
1757 1991 1846 2080 An.

338 2108 576 2222 tiqnitatibus
607 2103 772 2191 Selesiis
804 2099 1183 2212 Septentrionalibus
1215 2107 1305 2213 pag.
1331 2110 1429 2208 438.
1459 2104 1557 2218 legit
1578 2131 1664 2191 non
1684 2105 1843 2191 ORD.

337 2226 383 2310 in
400 2223 507 2308 versu
530 2245 567 2325 3.
586 2213 653 2303 sed
671 2217 811 2302 ORD
823 2217 877 2300 O.
900 2213 1086 2323 additque
1111 2213 1348 2318 consessuras
1364 2211 1557 2302 Aunoris
1576 2209 1721 2303 [adisis
1742 2218 1847 2306 Gru·

338 2334 506 2435 teriani,
537 2331 663 2418 Gudii
684 2329 730 2414 dc
749 2324 944 2429 Rein'esii,
973 2356 1069 2438 quas
1093 2329 1153 2414 ibi
1174 2329 1254 2441 legs
1270 2327 1431 2429 amasim,
1461 2333 1567 2416 nulla
1585 2331 1691 2416 enim
1709 2331 1846 2421 harum

337 2452 489 2561 placet,
517 2443 583 2530 sed
604 2443 753 2528 ORD.
777 2445 839 2526 vel
855 2441 1142 2528 ORDOr'hic
1159 2440 1546 2532 Ordovicemndtat.
1594 2444 1692 2530 Non
1717 2467 1846 2533 autem

337 2559 532 2649 incelebre
553 2555 628 2642 fuit
650 2551 968 2642 Ordovicumin
990 2556 1195 2642 Britannia
1219 2581 1405 2654 nomen,
1434 2553 1524 2640 vide
1551 2557 1737 2644 Tacitum
1761 2562 1846 2646 An·

153 2743 161 2754 .
338 2675 487 2761 nalium
512 2669 610 2756 libro
643 2669 756 2754 ΧΗ.
787 2697 869 2778 cap.
901 2693 966 2774 33.
998 2667 1042 2752 &
1068 2668 1112 2750 in
1138 2667 1217 2750 vita
1240 2663 1454 2779 Agricolae
1482 2695 1563 2778 cap.
1598 2681 1659 2756 18.
1719 2671 1846 2757 Ptole·

339 2813 472 2875 maeus
496 2813 565 2873 eos
587 2779 649 2868 ad.
664 2783 873 2868 Oceanum
895 2779 1158 2867 'Hibernieum
1181 2781 1348 2865 collocat
1367 2773 1386 2881 ,'
1409 2777 1506 2865 inde
1528 2781 1857 2872 a‘Camuiodnno'

340 2902 640 3015 &Brigantum
660 2896 839 2982 terminis
859 2892 908 2980 ad
926 2892 1213 3009 Ganganorum
1231 2893 1563 2981 Promontorium.
1620 2898 1856 2985 Camdenus.

340 3016 383 3101 in
398 3010 662 3123 'expositione
692 3011 904 3096 nominum
925 3011 1180 3121 antiquorum
1217 3005 1338 3095 hodie
1378 3007 1630 3094 Nortbwaies
1661 3014 1886 3121 appellari,

178 3202 184 3212 .
340 3128 480 3215 scribit.
537 3122 688 3211 Possem
704 3132 834 3224 nunc,
849 3118 893 3205 ‘fi
910 3142 975 3207 aut
994 3140 1150 3232 tempus
1171 3142 1238 3207 aut
1260 3120 1410 3207 animus
1431 3122 1673 3231 suppeteret,
1705 3127 1856 3239 migra..

342 3242 490 3328 tiones.
505 3238 785 3323 Britannorum
808 3262 893 3319 non
922 3235 965 3317 in
992 3234 1247 3320 Germaniam
1278 3229 1468 3318 duntaxat
1493 3232 1537 3318 &
1565 3230 1764 3339 Galliam,
1792 3238 1856 3336 de1

343 3355 482 3465 quibus
513 3353 558 3433 in
591 3348 849 3456 superioribus
876 3344 1183 3453 disputavimus,
1204 3340 1279 3433 ‘sed
1304 3344 1346 3429 δι
1370 3344 1411 3431 in
1428 3346 1517 3433 alias
1533 3368 1651 3431 terras
1674 3350 1718 3435 de
1737 3380 1853 3463 prae·¹
1895 3424 1899 3431 .

342 3467 473 3552 sertim
492 3465 535 3545 in
567 3460 794 3568 Hispaniam
812 3459 988 3569 persequi
1011 3459 1060 3543 δι’
1079 3452 1216 3565 pausias
1241 3456 1492 3571 investigare,
1522 3488 1588 3545 cur
1604 3464 1848 3573 Brigantum

326 3604 521 3681 nomen,
550 3590 716 3657 ‘uorum
732 3574 921 3658 terminos
942 3573 988 3655 in
1001 3570 1209 3657 ‘Britannia
1234 3566 1357 3657 modo
1378 3572 1609 3684 tetigimus,
1639 3578 1683 3659 in
1707 3576 1856 3664 Hiber-r

344 3693 436 3792 nia,
466 3602 693 3775 Vindelicia
712 3705 827 3795 atque
845 3685 1030 3794 Hispania
1048 3686 1202 3796 populis
1221 3682 1406 3769 tributum
1416 3687 1590 3797 legatur,
1613 3700 1783 3776 necnon
1795 3690 1849 3780 de'

344 3807 501 3894 Brittio
521 3797 795 3887 Lusitanorum
818 3799 1040 3912 inquirere,
1061 3798 1350 3911 Originemque
1372 3793 1420 3884 ad
1450 3798 1662 3887 Britannos
1679 3802 1849 3893 referre·

229 3909 235 3919 ’
347 3917 500 4004 Posiem
535 3917 652 4000 etiam
683 3908 735 3998 de
755 3914 964 3999 -Bnttotia
995 3908 1207 3995 Hadriatici
1236 3910 1359 3993 Maris
1393 3910 1583 4003 insula&
1612 3914 1735 4002 fluvio
1770 3926 1848 4024 ejus
1882 4004 1883 4012 Ν

348 4032 531 4129 uretur,
559 4055 635 4112 nee
663 4054 748 4111 non
778 4023 830 4111 de
855 4023 954 4109 urhe
981 4025 1147 4124 Bretto,
1178 4019 1230 4107 de
1255 4024 1393 4132 quibus
1422 4025 1641 4135 Stephanus
1662 4030 1856 4143 Byzanti·

350 4166 448 4242 nus,
469 4142 514 4227 δι
529 4139 688 4240 Brixia,
718 4168 831 4251 qnam
851 4139 1000 4226 Pontus
1016 4137 1209 4223 Heuterus
1229 4134 1467 4246 Praepofitus
1480 4136 1775 4227 Arnhemiensrs
1797 4141 1859 4231 de·

350 4274 528 4341 vetenrm
551 4282 594 4337 ac
622 4254 678 4339 sui
696 4253 829 4339 saeculi
858 4251 1002 4366 BelgIo
1016 4251 1116 4338 libro
1141 4250 1171 4337 Ι.
1200 4278 1282 4361 cap.
1303 4273 1338 4355 3.
1371 4281 1392 4337 a
1412 4252 1579 4337 Brittan
1600 4256 1733 4342 sn'coia
1747 4258 1851 4343 Infir-

351 4372 412 4457 lae
436 4364 660 4477 Britanniae
687 4362 860 4468 derivat,
889 4367 1077 4454 nonnulla
1106 4366 1151 4449 in
1180 4362 1348 4451 medium
1362 4360 1603 4477 pressare:
1633 4365 1703 4452 Ad
1725 4388 1855 4460 extro·

352 4506 461 4569 mum
489 4476 624 4562 liceret
650 4475 841 4561 etiamen
866 4474 1116 4564 similitudine
1142 4480 1349 4573 nominum
1375 4482 1609 4590 populorum
1627 4480 1671 4565 in
1687 4478 1814 4571 Gallia
1835 4538 1859 4587 ,-

354 4589 592 4689 Germania,
620 4588 823 4673 Britannia
854 4589 1087 4675 sententiam
1114 4608 1250 4675 meam·
1273 4592 1463 4693 munire,
1491 4588 1558 4677 sed
1585 4595 1675 4702 quia
1699 4594 1770 4683 hae
1792 4624 1853 4682 res

356 4704 664 4907 disputastionem·
680 4702 907 4819 longiorem
928 4700 1150 4815 requirunt,
1165 4702 1205 4791 in
1225 4702 1418 4815 praesenti
1436 4730 1479 4791 ea
1496 4704 1590 4803 mihi
1608 4724 1856 4821 praeteream-¹
1946 4790 1949 4797 A

356 4825 575 4915 mmm
707 4877 710 4886 ·
1046 4898 1053 4910 .
1595 4820 1600 4827 ’
1750 4822 1857 4913 CB
