<?xml version="1.0" encoding="UTF-8"?>
<!DOCTYPE html PUBLIC "-//W3C//DTD XHTML 1.0 Transitional//EN"
    "http://www.w3.org/TR/xhtml1/DTD/xhtml1-transitional.dtd">
<html xmlns="http://www.w3.org/1999/xhtml" xml:lang="en" lang="en">
 <head>
  <title>
</title>
<meta http-equiv="Content-Type" content="text/html;charset=utf-8" />
  <meta name='ocr-system' content='tesseract 3.04.00' />
  <meta name='ocr-capabilities' content='ocr_page ocr_carea ocr_par ocr_line ocrx_word'/>
</head>
<body>
  <div class='ocr_page' id='page_1' title='image "./henricicannegie00degoog_0174.png"; bbox 0 0 4292 5650; ppageno 0'>
   <div class='ocr_carea' id='block_1_1' title="bbox 346 312 1614 419">
    <p class='ocr_par' dir='ltr' id='par_1_1' title="bbox 346 312 1614 419">
     <span class='ocr_line' id='line_1_1' title="bbox 346 312 1614 419; baseline 0.002 -20"><span class='ocrx_word' id='word_1_1' title='bbox 346 332 426 419; x_wconf 82' lang='lat'>152</span> <span class='ocrx_word' id='word_1_2' title='bbox 570 312 1614 419; x_wconf 77' lang='lat' dir='ltr'>OssasvurrorrusruMuurrrtsrun</span> 
     </span>
    </p>
   </div>
   <div class='ocr_carea' id='block_1_2' title="bbox 345 462 1842 831">
    <p class='ocr_par' dir='ltr' id='par_1_2' title="bbox 345 462 1842 831">
     <span class='ocr_line' id='line_1_2' title="bbox 345 462 1842 607; baseline 0.005 -32"><span class='ocrx_word' id='word_1_3' title='bbox 345 487 539 575; x_wconf 81' lang='lat' dir='ltr'>existimat</span> <span class='ocrx_word' id='word_1_4' title='bbox 564 488 804 575; x_wconf 84' lang='lat' dir='ltr'>Clarillimus</span> <span class='ocrx_word' id='word_1_5' title='bbox 832 462 1089 607; x_wconf 84' lang='lat' dir='ltr'>Montingius</span> <span class='ocrx_word' id='word_1_6' title='bbox 1121 486 1223 603; x_wconf 85' lang='lat' dir='ltr'>apud</span> <span class='ocrx_word' id='word_1_7' title='bbox 1249 490 1447 579; x_wconf 88' lang='lat' dir='ltr'>Galenum</span> <span class='ocrx_word' id='word_1_8' title='bbox 1471 492 1515 577; x_wconf 89' lang='lat' dir='ltr'>in</span> <span class='ocrx_word' id='word_1_9' title='bbox 1532 490 1634 579; x_wconf 89' lang='lat' dir='ltr'>libro</span> <span class='ocrx_word' id='word_1_10' title='bbox 1653 490 1705 579; x_wconf 84' lang='lat' dir='ltr'>de</span> <span class='ocrx_word' id='word_1_11' title='bbox 1722 492 1842 595; x_wconf 69' lang='lat' dir='ltr'>Anu</span> 
     </span>
     <span class='ocr_line' id='line_1_3' title="bbox 346 598 1840 700; baseline 0.007 -11"><span class='ocrx_word' id='word_1_12' title='bbox 346 600 454 690; x_wconf 90' lang='lat' dir='ltr'>dotis</span> <span class='ocrx_word' id='word_1_13' title='bbox 472 602 530 687; x_wconf 90' lang='lat' dir='ltr'>Il.</span> <span class='ocrx_word' id='word_1_14' title='bbox 559 602 687 687; x_wconf 83' lang='lat' dir='ltr'>Descr‘</span> <span class='ocrx_word' id='word_1_15' title='bbox 719 598 766 690; x_wconf 85' lang='lat' dir='ltr'>su</span> <span class='ocrx_word' id='word_1_16' title='bbox 791 604 855 690; x_wconf 91' lang='lat' dir='ltr'>ille</span> <span class='ocrx_word' id='word_1_17' title='bbox 881 604 956 691; x_wconf 87' lang='lat' dir='ltr'>hos</span> <span class='ocrx_word' id='word_1_18' title='bbox 986 605 1114 691; x_wconf 87' lang='lat' dir='ltr'>versus</span> <span class='ocrx_word' id='word_1_19' title='bbox 1136 603 1280 691; x_wconf 83' lang='lat' dir='ltr'>Latine</span> <span class='ocrx_word' id='word_1_20' title='bbox 1307 601 1485 691; x_wconf 90' lang='lat' dir='ltr'>redditos</span> <span class='ocrx_word' id='word_1_21' title='bbox 1514 600 1615 692; x_wconf 89' lang='lat' dir='ltr'>insra</span> <span class='ocrx_word' id='word_1_22' title='bbox 1642 636 1685 693; x_wconf 91' lang='lat' dir='ltr'>ca</span> <span class='ocrx_word' id='word_1_23' title='bbox 1714 609 1840 700; x_wconf 81' lang='lat' dir='ltr'><strong>.XV.</strong></span> 
     </span>
     <span class='ocr_line' id='line_1_4' title="bbox 347 629 1842 831; baseline 0.005 -30"><span class='ocrx_word' id='word_1_24' title='bbox 347 740 537 831; x_wconf 76' lang='lat' dir='ltr'>pagn43.</span> <span class='ocrx_word' id='word_1_25' title='bbox 566 716 608 800; x_wconf 91' lang='lat' dir='ltr'>in</span> <span class='ocrx_word' id='word_1_26' title='bbox 624 629 761 825; x_wconf 55' lang='lat' dir='ltr'>quius</span> <span class='ocrx_word' id='word_1_27' title='bbox 782 715 1039 803; x_wconf 78' lang='lat' dir='ltr'>Democrates</span> <span class='ocrx_word' id='word_1_28' title='bbox 1057 706 1278 803; x_wconf 80' lang='lat' dir='ltr'>nihilaliud</span> <span class='ocrx_word' id='word_1_29' title='bbox 1296 715 1348 803; x_wconf 90' lang='lat' dir='ltr'>de</span> <span class='ocrx_word' id='word_1_30' title='bbox 1366 716 1620 820; x_wconf 85' lang='lat' dir='ltr'>Britannica,</span> <span class='ocrx_word' id='word_1_31' title='bbox 1636 634 1712 805; x_wconf 68' lang='lat' dir='ltr'>nii</span> <span class='ocrx_word' id='word_1_32' title='bbox 1734 718 1842 831; x_wconf 87' lang='lat' dir='ltr'>quod</span> 
     </span>
    </p>
   </div>
   <div class='ocr_carea' id='block_1_3' title="bbox 185 825 1842 949">
    <p class='ocr_par' dir='ltr' id='par_1_3' title="bbox 185 825 1842 949">
     <span class='ocr_line' id='line_1_5' title="bbox 185 825 1842 949; baseline 0.003 -35"><span class='ocrx_word' id='word_1_33' title='bbox 185 908 190 914; x_wconf 88' lang='lat'>.</span> <span class='ocrx_word' id='word_1_34' title='bbox 303 884 330 899; x_wconf 39' lang='grc' dir='ltr'>κ</span> <span class='ocrx_word' id='word_1_35' title='bbox 349 833 461 915; x_wconf 89' lang='lat' dir='ltr'>usum</span> <span class='ocrx_word' id='word_1_36' title='bbox 482 828 590 935; x_wconf 84' lang='lat' dir='ltr'>hujus</span> <span class='ocrx_word' id='word_1_37' title='bbox 619 826 761 915; x_wconf 85' lang='lat' dir='ltr'>herbae</span> <span class='ocrx_word' id='word_1_38' title='bbox 789 828 833 915; x_wconf 90' lang='lat' dir='ltr'>in</span> <span class='ocrx_word' id='word_1_39' title='bbox 865 826 1150 944; x_wconf 82' lang='lat' dir='ltr'>hydrophobia</span> <span class='ocrx_word' id='word_1_40' title='bbox 1167 825 1431 917; x_wconf 82' lang='lat' dir='ltr'>commendat</span> <span class='ocrx_word' id='word_1_41' title='bbox 1487 830 1603 917; x_wconf 88' lang='lat' dir='ltr'>Errat</span> <span class='ocrx_word' id='word_1_42' title='bbox 1620 832 1842 949; x_wconf 80' lang='lat' dir='ltr'>Muntigius</span> 
     </span>
    </p>
   </div>
   <div class='ocr_carea' id='block_1_4' title="bbox 348 940 1900 1709">
    <p class='ocr_par' dir='ltr' id='par_1_4' title="bbox 348 940 1900 1709">
     <span class='ocr_line' id='line_1_6' title="bbox 349 940 1844 1057; baseline 0.003 -28"><span class='ocrx_word' id='word_1_43' title='bbox 349 940 379 1029; x_wconf 85' lang='lat' dir='ltr'>sr</span> <span class='ocrx_word' id='word_1_44' title='bbox 397 945 678 1028; x_wconf 88' lang='lat' dir='ltr'>Democratem</span> <span class='ocrx_word' id='word_1_45' title='bbox 699 942 829 1044; x_wconf 87' lang='lat' dir='ltr'>hunc,</span> <span class='ocrx_word' id='word_1_46' title='bbox 858 970 976 1055; x_wconf 87' lang='lat' dir='ltr'>quem</span> <span class='ocrx_word' id='word_1_47' title='bbox 997 943 1179 1029; x_wconf 75' lang='lat' dir='ltr'>mantili</span> <span class='ocrx_word' id='word_1_48' title='bbox 1193 941 1340 1057; x_wconf 84' lang='lat' dir='ltr'>antiqui</span> <span class='ocrx_word' id='word_1_49' title='bbox 1361 942 1448 1029; x_wconf 86' lang='lat' dir='ltr'>libri</span> <span class='ocrx_word' id='word_1_50' title='bbox 1470 942 1746 1033; x_wconf 88' lang='lat' dir='ltr'>Damocratem</span> <span class='ocrx_word' id='word_1_51' title='bbox 1769 973 1844 1033; x_wconf 83' lang='lat' dir='ltr'>no·</span> 
     </span>
     <span class='ocr_line' id='line_1_7' title="bbox 348 1053 1900 1169; baseline 0.007 -28"><span class='ocrx_word' id='word_1_52' title='bbox 348 1055 529 1156; x_wconf 86' lang='lat' dir='ltr'>minant,</span> <span class='ocrx_word' id='word_1_53' title='bbox 558 1056 682 1169; x_wconf 85' lang='lat' dir='ltr'>longe</span> <span class='ocrx_word' id='word_1_54' title='bbox 698 1076 796 1143; x_wconf 87' lang='lat' dir='ltr'>ante</span> <span class='ocrx_word' id='word_1_55' title='bbox 812 1056 931 1165; x_wconf 88' lang='lat' dir='ltr'>Plinii</span> <span class='ocrx_word' id='word_1_56' title='bbox 953 1076 1120 1156; x_wconf 87' lang='lat' dir='ltr'>aetatem</span> <span class='ocrx_word' id='word_1_57' title='bbox 1147 1053 1282 1143; x_wconf 82' lang='lat' dir='ltr'>virilis</span> <span class='ocrx_word' id='word_1_58' title='bbox 1310 1073 1491 1143; x_wconf 77' lang='lat' dir='ltr'>autumat</span> <span class='ocrx_word' id='word_1_59' title='bbox 1527 1083 1718 1167; x_wconf 90' lang='lat' dir='ltr'>nuperum</span> <span class='ocrx_word' id='word_1_60' title='bbox 1733 1086 1844 1151; x_wconf 65' lang='lat' dir='ltr'>name</span> <span class='ocrx_word' id='word_1_61' title='bbox 1896 1120 1900 1129; x_wconf 92' lang='lat'><em>·</em></span> 
     </span>
     <span class='ocr_line' id='line_1_8' title="bbox 351 1166 1842 1283; baseline 0.006 -31"><span class='ocrx_word' id='word_1_62' title='bbox 351 1196 428 1280; x_wconf 93' lang='lat' dir='ltr'>que</span> <span class='ocrx_word' id='word_1_63' title='bbox 447 1196 494 1253; x_wconf 91' lang='lat' dir='ltr'>ea</span> <span class='ocrx_word' id='word_1_64' title='bbox 511 1187 636 1253; x_wconf 89' lang='lat' dir='ltr'>aetate</span> <span class='ocrx_word' id='word_1_65' title='bbox 652 1166 760 1256; x_wconf 83' lang='lat' dir='ltr'>soille</span> <span class='ocrx_word' id='word_1_66' title='bbox 780 1196 831 1253; x_wconf 85' lang='lat' dir='ltr'>ex</span> <span class='ocrx_word' id='word_1_67' title='bbox 849 1168 975 1257; x_wconf 85' lang='lat' dir='ltr'>Plinio</span> <span class='ocrx_word' id='word_1_68' title='bbox 994 1168 1266 1283; x_wconf 83' lang='lat' dir='ltr'>cognoscimus</span> <span class='ocrx_word' id='word_1_69' title='bbox 1286 1168 1410 1256; x_wconf 88' lang='lat' dir='ltr'>Libro</span> <span class='ocrx_word' id='word_1_70' title='bbox 1428 1170 1566 1260; x_wconf 86' lang='lat' dir='ltr'>XXV.</span> <span class='ocrx_word' id='word_1_71' title='bbox 1599 1198 1680 1280; x_wconf 87' lang='lat' dir='ltr'>cap.</span> <span class='ocrx_word' id='word_1_72' title='bbox 1706 1181 1743 1260; x_wconf 84' lang='lat'>8.</span> <span class='ocrx_word' id='word_1_73' title='bbox 1773 1172 1842 1277; x_wconf 73' lang='lat' dir='ltr'>ubi</span> 
     </span>
     <span class='ocr_line' id='line_1_9' title="bbox 349 1280 1844 1394; baseline 0.002 -27"><span class='ocrx_word' id='word_1_74' title='bbox 349 1285 502 1367; x_wconf 82' lang='lat' dir='ltr'>inuenit</span> <span class='ocrx_word' id='word_1_75' title='bbox 522 1306 622 1367; x_wconf 80' lang='lat' dir='ltr'>nur</span> <span class='ocrx_word' id='word_1_76' title='bbox 635 1306 732 1383; x_wconf 81' lang='lat' dir='ltr'>aa,</span> <span class='ocrx_word' id='word_1_77' title='bbox 761 1281 911 1392; x_wconf 89' lang='lat' dir='ltr'>inquit,</span> <span class='ocrx_word' id='word_1_78' title='bbox 935 1280 1203 1386; x_wconf 76' lang='lat' dir='ltr'>&amp;Seruilius</span> <span class='ocrx_word' id='word_1_79' title='bbox 1219 1284 1467 1369; x_wconf 79' lang='lat' dir='ltr'>Durnonntes</span> <span class='ocrx_word' id='word_1_80' title='bbox 1489 1310 1510 1367; x_wconf 86' lang='lat' dir='ltr'>e</span> <span class='ocrx_word' id='word_1_81' title='bbox 1533 1288 1678 1394; x_wconf 87' lang='lat' dir='ltr'>primis</span> <span class='ocrx_word' id='word_1_82' title='bbox 1698 1284 1844 1370; x_wconf 80' lang='lat' dir='ltr'>meden-</span> 
     </span>
     <span class='ocr_line' id='line_1_10' title="bbox 349 1390 1843 1509; baseline 0.002 -30"><span class='ocrx_word' id='word_1_83' title='bbox 349 1390 472 1495; x_wconf 82' lang='lat' dir='ltr'>tium,</span> <span class='ocrx_word' id='word_1_84' title='bbox 493 1421 611 1509; x_wconf 80' lang='lat' dir='ltr'>quum</span> <span class='ocrx_word' id='word_1_85' title='bbox 629 1397 839 1509; x_wconf 77' lang='lat' dir='ltr'>appellarit</span> <span class='ocrx_word' id='word_1_86' title='bbox 859 1392 1043 1483; x_wconf 84' lang='lat' dir='ltr'>hiberida.</span> <span class='ocrx_word' id='word_1_87' title='bbox 1086 1394 1282 1507; x_wconf 87' lang='lat' dir='ltr'>Aequales</span> <span class='ocrx_word' id='word_1_88' title='bbox 1310 1414 1440 1483; x_wconf 89' lang='lat' dir='ltr'>autern</span> <span class='ocrx_word' id='word_1_89' title='bbox 1465 1396 1631 1485; x_wconf 87' lang='lat' dir='ltr'>Servilio</span> <span class='ocrx_word' id='word_1_90' title='bbox 1650 1396 1738 1483; x_wconf 89' lang='lat' dir='ltr'>huic</span> <span class='ocrx_word' id='word_1_91' title='bbox 1757 1394 1843 1482; x_wconf 90' lang='lat' dir='ltr'>suis·</span> 
     </span>
     <span class='ocr_line' id='line_1_11' title="bbox 348 1505 1843 1705; baseline 0 -110"><span class='ocrx_word' id='word_1_92' title='bbox 348 1507 388 1635; x_wconf 79' lang='lat' dir='ltr'>sc</span> <span class='ocrx_word' id='word_1_93' title='bbox 410 1505 622 1705; x_wconf 54' lang='lat' dir='ltr'>rigentur,</span> <span class='ocrx_word' id='word_1_94' title='bbox 650 1535 748 1618; x_wconf 89' lang='lat' dir='ltr'>quus</span> <span class='ocrx_word' id='word_1_95' title='bbox 767 1508 848 1620; x_wconf 91' lang='lat' dir='ltr'>ipse</span> <span class='ocrx_word' id='word_1_96' title='bbox 864 1505 1032 1595; x_wconf 80' lang='lat' dir='ltr'>uerlibua</span> <span class='ocrx_word' id='word_1_97' title='bbox 1054 1510 1130 1595; x_wconf 88' lang='lat' dir='ltr'>illis</span> <span class='ocrx_word' id='word_1_98' title='bbox 1157 1528 1462 1615; x_wconf 87' lang='lat' dir='ltr'>commemorat,</span> <span class='ocrx_word' id='word_1_99' title='bbox 1490 1510 1754 1597; x_wconf 86' lang='lat' dir='ltr'>Niceratus&amp;</span> <span class='ocrx_word' id='word_1_100' title='bbox 1769 1509 1843 1597; x_wconf 87' lang='lat' dir='ltr'>Ti·</span> 
     </span>
     <span class='ocr_line' id='line_1_12' title="bbox 350 1642 650 1709; baseline -0.013 -2"><span class='ocrx_word' id='word_1_101' title='bbox 350 1643 428 1709; x_wconf 85' lang='lat' dir='ltr'>trus</span> <span class='ocrx_word' id='word_1_102' title='bbox 484 1642 650 1706; x_wconf 76' lang='lat' dir='ltr'>strenus.</span> 
     </span>
    </p>
   </div>
   <div class='ocr_carea' id='block_1_5' title="bbox 348 1733 1961 2186">
    <p class='ocr_par' dir='ltr' id='par_1_5' title="bbox 348 1733 1961 2186">
     <span class='ocr_line' id='line_1_13' title="bbox 409 1733 1847 1849; baseline 0.003 -30"><span class='ocrx_word' id='word_1_103' title='bbox 409 1734 533 1819; x_wconf 79' lang='lat' dir='ltr'>Pus.</span> <span class='ocrx_word' id='word_1_104' title='bbox 564 1736 643 1819; x_wconf 85' lang='lat' dir='ltr'>Xl.</span> <span class='ocrx_word' id='word_1_105' title='bbox 702 1738 768 1819; x_wconf 72' lang='lat' dir='ltr'>Es</span> <span class='ocrx_word' id='word_1_106' title='bbox 787 1734 881 1819; x_wconf 85' lang='lat' dir='ltr'>hice</span> <span class='ocrx_word' id='word_1_107' title='bbox 901 1735 1053 1849; x_wconf 85' lang='lat' dir='ltr'>quidem</span> <span class='ocrx_word' id='word_1_108' title='bbox 1073 1734 1181 1823; x_wconf 83' lang='lat' dir='ltr'>haud</span> <span class='ocrx_word' id='word_1_109' title='bbox 1198 1734 1405 1841; x_wconf 81' lang='lat' dir='ltr'>ubfierdum</span> <span class='ocrx_word' id='word_1_110' title='bbox 1420 1733 1556 1846; x_wconf 86' lang='lat' dir='ltr'>soret,</span> <span class='ocrx_word' id='word_1_111' title='bbox 1572 1733 1614 1849; x_wconf 82' lang='lat' dir='ltr'><em>st</em></span> <span class='ocrx_word' id='word_1_112' title='bbox 1638 1738 1725 1847; x_wconf 85' lang='lat' dir='ltr'>quis</span> <span class='ocrx_word' id='word_1_113' title='bbox 1748 1734 1847 1823; x_wconf 87' lang='lat' dir='ltr'>Bri-</span> 
     </span>
     <span class='ocr_line' id='line_1_14' title="bbox 348 1845 1961 1961; baseline -0.001 -26"><span class='ocrx_word' id='word_1_114' title='bbox 348 1852 546 1935; x_wconf 84' lang='lat' dir='ltr'>tnunicnru</span> <span class='ocrx_word' id='word_1_115' title='bbox 566 1846 721 1934; x_wconf 60' lang='lat' dir='ltr'>marn</span> <span class='ocrx_word' id='word_1_116' title='bbox 744 1845 811 1960; x_wconf 75' lang='lat' dir='ltr'>effe</span> <span class='ocrx_word' id='word_1_117' title='bbox 837 1848 1042 1959; x_wconf 84' lang='lat' dir='ltr'>Magicunr</span> <span class='ocrx_word' id='word_1_118' title='bbox 1070 1848 1266 1948; x_wconf 80' lang='lat' dir='ltr'>(latuerat.</span> <span class='ocrx_word' id='word_1_119' title='bbox 1327 1851 1575 1961; x_wconf 79' lang='lat' dir='ltr'>Sententiam</span> <span class='ocrx_word' id='word_1_120' title='bbox 1604 1848 1708 1933; x_wconf 89' lang='lat' dir='ltr'>hanc</span> <span class='ocrx_word' id='word_1_121' title='bbox 1722 1873 1772 1933; x_wconf 84' lang='lat' dir='ltr'>err</span> <span class='ocrx_word' id='word_1_122' title='bbox 1788 1876 1844 1933; x_wconf 88' lang='lat' dir='ltr'>ar·</span> <span class='ocrx_word' id='word_1_123' title='bbox 1958 1894 1961 1899; x_wconf 93' lang='lat'>·</span> 
     </span>
     <span class='ocr_line' id='line_1_15' title="bbox 349 1956 1846 2077; baseline 0 -32"><span class='ocrx_word' id='word_1_124' title='bbox 349 1959 577 2077; x_wconf 78' lang='lat' dir='ltr'>gementis,</span> <span class='ocrx_word' id='word_1_125' title='bbox 607 1987 704 2071; x_wconf 91' lang='lat' dir='ltr'>quae</span> <span class='ocrx_word' id='word_1_126' title='bbox 733 1961 921 2071; x_wconf 87' lang='lat' dir='ltr'>proponit</span> <span class='ocrx_word' id='word_1_127' title='bbox 947 1958 1134 2065; x_wconf 73' lang='lat' dir='ltr'>Ausior,</span> <span class='ocrx_word' id='word_1_128' title='bbox 1161 1960 1374 2077; x_wconf 84' lang='lat' dir='ltr'>sagaciores</span> <span class='ocrx_word' id='word_1_129' title='bbox 1400 1964 1611 2077; x_wconf 85' lang='lat' dir='ltr'>colligant,</span> <span class='ocrx_word' id='word_1_130' title='bbox 1642 1956 1694 2047; x_wconf 84' lang='lat' dir='ltr'>dc</span> <span class='ocrx_word' id='word_1_131' title='bbox 1709 1987 1772 2049; x_wconf 87' lang='lat' dir='ltr'>rue</span> <span class='ocrx_word' id='word_1_132' title='bbox 1792 1956 1846 2045; x_wconf 78' lang='lat' dir='ltr'>sa·</span> 
     </span>
     <span class='ocr_line' id='line_1_16' title="bbox 350 2072 1044 2186; baseline -0.004 -23"><span class='ocrx_word' id='word_1_133' title='bbox 350 2096 460 2177; x_wconf 90' lang='lat' dir='ltr'>teor,</span> <span class='ocrx_word' id='word_1_134' title='bbox 487 2074 703 2185; x_wconf 83' lang='lat' dir='ltr'>perspicere</span> <span class='ocrx_word' id='word_1_135' title='bbox 719 2098 803 2159; x_wconf 88' lang='lat' dir='ltr'>eam</span> <span class='ocrx_word' id='word_1_136' title='bbox 821 2100 908 2159; x_wconf 89' lang='lat' dir='ltr'>non</span> <span class='ocrx_word' id='word_1_137' title='bbox 927 2072 1044 2186; x_wconf 87' lang='lat' dir='ltr'>polle.</span> 
     </span>
    </p>
   </div>
   <div class='ocr_carea' id='block_1_6' title="bbox 348 2326 1847 2767">
    <p class='ocr_par' dir='ltr' id='par_1_6' title="bbox 348 2326 1847 2767">
     <span class='ocr_line' id='line_1_17' title="bbox 348 2326 1841 2523; baseline 0.009 -64"><span class='ocrx_word' id='word_1_138' title='bbox 348 2507 355 2521; x_wconf 90' lang='lat'><em>.</em></span> <span class='ocrx_word' id='word_1_139' title='bbox 580 2326 1841 2523; x_wconf 10' lang='lat' dir='ltr'>2ADcsrur1ul⁵1</span> 
     </span>
     <span class='ocr_line' id='line_1_18' title="bbox 350 2554 1847 2767; baseline 0 -34"><span class='ocrx_word' id='word_1_140' title='bbox 350 2634 478 2739; x_wconf 73' lang='lat' dir='ltr'>Mede</span> <span class='ocrx_word' id='word_1_141' title='bbox 502 2660 724 2767; x_wconf 80' lang='lat' dir='ltr'>negetur,</span> <span class='ocrx_word' id='word_1_142' title='bbox 772 2631 964 2735; x_wconf 81' lang='lat' dir='ltr'>Cauchas</span> <span class='ocrx_word' id='word_1_143' title='bbox 997 2632 1061 2733; x_wconf 83' lang='lat' dir='ltr'>ad</span> <span class='ocrx_word' id='word_1_144' title='bbox 1084 2628 1292 2735; x_wconf 80' lang='lat' dir='ltr'>Rhenum</span> <span class='ocrx_word' id='word_1_145' title='bbox 1320 2626 1531 2765; x_wconf 69' lang='lat' dir='ltr'>hebiteffe.</span> <span class='ocrx_word' id='word_1_146' title='bbox 1605 2554 1847 2755; x_wconf 72' lang='lat' dir='ltr'>Frrstoruru</span> 
     </span>
    </p>
   </div>
   <div class='ocr_carea' id='block_1_7' title="bbox 406 2764 1851 3866">
    <p class='ocr_par' dir='ltr' id='par_1_7' title="bbox 406 2764 1851 3866">
     <span class='ocr_line' id='line_1_19' title="bbox 418 2764 1845 2902; baseline -0.003 -29"><span class='ocrx_word' id='word_1_147' title='bbox 418 2797 535 2875; x_wconf 83' lang='lat' dir='ltr'>terra</span> <span class='ocrx_word' id='word_1_148' title='bbox 563 2808 622 2873; x_wconf 86' lang='lat' dir='ltr'>nn</span> <span class='ocrx_word' id='word_1_149' title='bbox 652 2770 827 2872; x_wconf 81' lang='lat' dir='ltr'>Galliae</span> <span class='ocrx_word' id='word_1_150' title='bbox 857 2769 1059 2902; x_wconf 82' lang='lat' dir='ltr'>Belgicae</span> <span class='ocrx_word' id='word_1_151' title='bbox 1083 2766 1357 2870; x_wconf 78' lang='lat' dir='ltr'>adnumerata</span> <span class='ocrx_word' id='word_1_152' title='bbox 1383 2806 1411 2868; x_wconf 84' lang='lat' dir='ltr'>n</span> <span class='ocrx_word' id='word_1_153' title='bbox 1440 2764 1705 2871; x_wconf 80' lang='lat' dir='ltr'>Romanis?</span> <span class='ocrx_word' id='word_1_154' title='bbox 1748 2768 1845 2870; x_wconf 88' lang='lat' dir='ltr'>Pli-</span> 
     </span>
     <span class='ocr_line' id='line_1_20' title="bbox 418 2901 1849 3040; baseline -0.002 -30"><span class='ocrx_word' id='word_1_155' title='bbox 418 2919 539 3010; x_wconf 88' lang='lat' dir='ltr'>nium</span> <span class='ocrx_word' id='word_1_156' title='bbox 564 2909 783 3010; x_wconf 73' lang='lat' dir='ltr'>lsedicum</span> <span class='ocrx_word' id='word_1_157' title='bbox 793 2906 952 3040; x_wconf 78' lang='lat' dir='ltr'>fluisse,</span> <span class='ocrx_word' id='word_1_158' title='bbox 988 2927 1183 3040; x_wconf 81' lang='lat' dir='ltr'>negatur.</span> <span class='ocrx_word' id='word_1_159' title='bbox 1237 2903 1436 3007; x_wconf 82' lang='lat' dir='ltr'>Plinium</span> <span class='ocrx_word' id='word_1_160' title='bbox 1460 2901 1725 3034; x_wconf 70' lang='lat' dir='ltr'>Fufium&amp;</span> <span class='ocrx_word' id='word_1_161' title='bbox 1738 2929 1849 3040; x_wconf 73' lang='lat' dir='ltr'>pro.-</span> 
     </span>
     <span class='ocr_line' id='line_1_21' title="bbox 418 3041 1847 3178; baseline -0.002 -30"><span class='ocrx_word' id='word_1_162' title='bbox 418 3055 564 3148; x_wconf 83' lang='lat' dir='ltr'>ximus</span> <span class='ocrx_word' id='word_1_163' title='bbox 592 3051 783 3178; x_wconf 80' lang='lat' dir='ltr'>regiones</span> <span class='ocrx_word' id='word_1_164' title='bbox 811 3043 894 3143; x_wconf 86' lang='lat' dir='ltr'>obii</span> <span class='ocrx_word' id='word_1_165' title='bbox 927 3052 1069 3142; x_wconf 85' lang='lat' dir='ltr'>everi</span> <span class='ocrx_word' id='word_1_166' title='bbox 1086 3045 1200 3162; x_wconf 80' lang='lat' dir='ltr'>emila</span> <span class='ocrx_word' id='word_1_167' title='bbox 1224 3041 1295 3172; x_wconf 72' lang='lat' dir='ltr'>ast</span> <span class='ocrx_word' id='word_1_168' title='bbox 1366 3041 1554 3178; x_wconf 76' lang='lat' dir='ltr'>Quando</span> <span class='ocrx_word' id='word_1_169' title='bbox 1584 3077 1653 3138; x_wconf 85' lang='lat' dir='ltr'>eus</span> <span class='ocrx_word' id='word_1_170' title='bbox 1682 3041 1847 3147; x_wconf 85' lang='lat' dir='ltr'>obierit.</span> 
     </span>
     <span class='ocr_line' id='line_1_22' title="bbox 421 3173 1846 3316; baseline -0.003 -32"><span class='ocrx_word' id='word_1_171' title='bbox 421 3180 697 3316; x_wconf 85' lang='lat' dir='ltr'>Defenditur</span> <span class='ocrx_word' id='word_1_172' title='bbox 724 3219 756 3280; x_wconf 82' lang='lat' dir='ltr'>a</span> <span class='ocrx_word' id='word_1_173' title='bbox 783 3217 914 3282; x_wconf 87' lang='lat' dir='ltr'>runnu</span> <span class='ocrx_word' id='word_1_174' title='bbox 943 3188 1094 3281; x_wconf 82' lang='lat' dir='ltr'>critica</span> <span class='ocrx_word' id='word_1_175' title='bbox 1125 3175 1319 3280; x_wconf 85' lang='lat' dir='ltr'>Cluverii</span> <span class='ocrx_word' id='word_1_176' title='bbox 1343 3181 1397 3284; x_wconf 66' lang='lat' dir='ltr'>ii</span> <span class='ocrx_word' id='word_1_177' title='bbox 1423 3173 1683 3308; x_wconf 73' lang='lat' dir='ltr'>Mentingii.</span> <span class='ocrx_word' id='word_1_178' title='bbox 1754 3175 1846 3280; x_wconf 85' lang='lat' dir='ltr'>Hie</span> 
     </span>
     <span class='ocr_line' id='line_1_23' title="bbox 406 3309 1849 3455; baseline -0.001 -37"><span class='ocrx_word' id='word_1_179' title='bbox 406 3318 498 3455; x_wconf 77' lang='lat' dir='ltr'>fibi</span> <span class='ocrx_word' id='word_1_180' title='bbox 519 3354 603 3416; x_wconf 88' lang='lat' dir='ltr'>nen</span> <span class='ocrx_word' id='word_1_181' title='bbox 628 3315 779 3449; x_wconf 77' lang='lat' dir='ltr'>ubique</span> <span class='ocrx_word' id='word_1_182' title='bbox 796 3315 968 3444; x_wconf 76' lang='lat' dir='ltr'>corssut.</span> <span class='ocrx_word' id='word_1_183' title='bbox 1038 3314 1270 3449; x_wconf 79' lang='lat' dir='ltr'>Pleraeque</span> <span class='ocrx_word' id='word_1_184' title='bbox 1288 3337 1406 3416; x_wconf 82' lang='lat' dir='ltr'>artes</span> <span class='ocrx_word' id='word_1_185' title='bbox 1430 3353 1458 3414; x_wconf 84' lang='lat' dir='ltr'>a</span> <span class='ocrx_word' id='word_1_186' title='bbox 1484 3313 1663 3414; x_wconf 81' lang='lat' dir='ltr'>Graecis</span> <span class='ocrx_word' id='word_1_187' title='bbox 1677 3313 1741 3414; x_wconf 86' lang='lat' dir='ltr'>ud</span> <span class='ocrx_word' id='word_1_188' title='bbox 1752 3309 1849 3420; x_wconf 82' lang='lat' dir='ltr'>Ro-</span> 
     </span>
     <span class='ocr_line' id='line_1_24' title="bbox 422 3447 1851 3586; baseline -0.001 -33"><span class='ocrx_word' id='word_1_189' title='bbox 422 3489 571 3553; x_wconf 80' lang='lat' dir='ltr'>manos</span> <span class='ocrx_word' id='word_1_190' title='bbox 585 3455 757 3552; x_wconf 86' lang='lat' dir='ltr'>delatae.</span> <span class='ocrx_word' id='word_1_191' title='bbox 795 3451 1081 3552; x_wconf 82' lang='lat' dir='ltr'>Britannicus</span> <span class='ocrx_word' id='word_1_192' title='bbox 1101 3462 1254 3552; x_wconf 82' lang='lat' dir='ltr'>notitia</span> <span class='ocrx_word' id='word_1_193' title='bbox 1275 3451 1474 3586; x_wconf 81' lang='lat' dir='ltr'>quomodo</span> <span class='ocrx_word' id='word_1_194' title='bbox 1486 3447 1679 3552; x_wconf 83' lang='lat' dir='ltr'>Romam</span> <span class='ocrx_word' id='word_1_195' title='bbox 1695 3471 1851 3582; x_wconf 77' lang='lat' dir='ltr'>perus·</span> 
     </span>
     <span class='ocr_line' id='line_1_25' title="bbox 425 3585 1850 3720; baseline -0.001 -32"><span class='ocrx_word' id='word_1_196' title='bbox 425 3586 576 3688; x_wconf 77' lang='lat' dir='ltr'>uerit?</span> <span class='ocrx_word' id='word_1_197' title='bbox 610 3587 702 3690; x_wconf 81' lang='lat' dir='ltr'>Ru·</span> <span class='ocrx_word' id='word_1_198' title='bbox 728 3587 923 3693; x_wconf 71' lang='lat' dir='ltr'>indicae</span> <span class='ocrx_word' id='word_1_199' title='bbox 945 3587 1242 3720; x_wconf 86' lang='lat' dir='ltr'>Scriptoribus</span> <span class='ocrx_word' id='word_1_200' title='bbox 1269 3591 1414 3688; x_wconf 84' lang='lat' dir='ltr'>multis</span> <span class='ocrx_word' id='word_1_201' title='bbox 1443 3585 1649 3690; x_wconf 80' lang='lat' dir='ltr'>Romane</span> <span class='ocrx_word' id='word_1_202' title='bbox 1675 3595 1850 3686; x_wconf 74' lang='lat' dir='ltr'>nentina</span> 
     </span>
     <span class='ocr_line' id='line_1_26' title="bbox 409 3718 1849 3866; baseline -0.003 -37"><span class='ocrx_word' id='word_1_203' title='bbox 409 3725 603 3866; x_wconf 86' lang='lat' dir='ltr'>suerunt</span> <span class='ocrx_word' id='word_1_204' title='bbox 615 3803 630 3848; x_wconf 89' lang='lat'>‚</span> <span class='ocrx_word' id='word_1_205' title='bbox 655 3749 705 3824; x_wconf 89' lang='lat' dir='ltr'>ut</span> <span class='ocrx_word' id='word_1_206' title='bbox 725 3723 999 3856; x_wconf 73' lang='lat' dir='ltr'>Dioscoridi,</span> <span class='ocrx_word' id='word_1_207' title='bbox 1026 3725 1325 3847; x_wconf 81' lang='lat' dir='ltr'>Demaeneti,</span> <span class='ocrx_word' id='word_1_208' title='bbox 1360 3722 1626 3858; x_wconf 79' lang='lat' dir='ltr'>Aeginetae,</span> <span class='ocrx_word' id='word_1_209' title='bbox 1666 3718 1849 3838; x_wconf 80' lang='lat' dir='ltr'>Galeno,</span> 
     </span>
    </p>
   </div>
   <div class='ocr_carea' id='block_1_8' title="bbox 297 3989 1855 4567">
    <p class='ocr_par' dir='ltr' id='par_1_8' title="bbox 297 3989 1855 4567">
     <span class='ocr_line' id='line_1_27' title="bbox 416 3989 1855 4110; baseline -0.003 -26"><span class='ocrx_word' id='word_1_210' title='bbox 416 4000 481 4084; x_wconf 74' lang='lat' dir='ltr'>Pa</span> <span class='ocrx_word' id='word_1_211' title='bbox 495 4027 536 4084; x_wconf 83' lang='lat' dir='ltr'>s.</span> <span class='ocrx_word' id='word_1_212' title='bbox 559 3998 688 4094; x_wconf 83' lang='lat' dir='ltr'>XIX.</span> <span class='ocrx_word' id='word_1_213' title='bbox 719 3993 809 4106; x_wconf 75' lang='lat' dir='ltr'>1³0st</span> <span class='ocrx_word' id='word_1_214' title='bbox 833 3994 1007 4110; x_wconf 71' lang='lat' dir='ltr'>Frrfios,</span> <span class='ocrx_word' id='word_1_215' title='bbox 1047 3995 1286 4084; x_wconf 80' lang='lat' dir='ltr'>Cauchorum</span> <span class='ocrx_word' id='word_1_216' title='bbox 1306 4011 1454 4084; x_wconf 83' lang='lat' dir='ltr'>terrum</span> <span class='ocrx_word' id='word_1_217' title='bbox 1486 3993 1644 4082; x_wconf 85' lang='lat' dir='ltr'>Helium</span> <span class='ocrx_word' id='word_1_218' title='bbox 1671 3995 1778 4080; x_wconf 87' lang='lat' dir='ltr'>inter</span> <span class='ocrx_word' id='word_1_219' title='bbox 1796 3989 1855 4096; x_wconf 64' lang='lat' dir='ltr'>i?</span> 
     </span>
     <span class='ocr_line' id='line_1_28' title="bbox 362 4103 1854 4224; baseline -0.005 -25"><span class='ocrx_word' id='word_1_220' title='bbox 362 4112 519 4199; x_wconf 77' lang='lat' dir='ltr'>Fleuum</span> <span class='ocrx_word' id='word_1_221' title='bbox 545 4116 631 4200; x_wconf 87' lang='lat' dir='ltr'>olim</span> <span class='ocrx_word' id='word_1_222' title='bbox 650 4108 814 4221; x_wconf 79' lang='lat' dir='ltr'>eutitrffe</span> <span class='ocrx_word' id='word_1_223' title='bbox 833 4113 985 4198; x_wconf 83' lang='lat' dir='ltr'>Plinius</span> <span class='ocrx_word' id='word_1_224' title='bbox 1007 4115 1172 4212; x_wconf 83' lang='lat' dir='ltr'>innuit,</span> <span class='ocrx_word' id='word_1_225' title='bbox 1209 4111 1310 4224; x_wconf 85' lang='lat' dir='ltr'>quod</span> <span class='ocrx_word' id='word_1_226' title='bbox 1330 4114 1500 4196; x_wconf 86' lang='lat' dir='ltr'>ueritati</span> <span class='ocrx_word' id='word_1_227' title='bbox 1527 4112 1766 4218; x_wconf 84' lang='lat' dir='ltr'>contrarium</span> <span class='ocrx_word' id='word_1_228' title='bbox 1785 4103 1854 4217; x_wconf 80' lang='lat' dir='ltr'>effe</span> 
     </span>
     <span class='ocr_line' id='line_1_29' title="bbox 297 4221 1853 4338; baseline -0.008 -23"><span class='ocrx_word' id='word_1_229' title='bbox 297 4223 301 4228; x_wconf 72' lang='grc'><strong>’</strong></span> <span class='ocrx_word' id='word_1_230' title='bbox 363 4223 582 4314; x_wconf 80' lang='lat' dir='ltr'>Ausloruru</span> <span class='ocrx_word' id='word_1_231' title='bbox 602 4223 916 4338; x_wconf 85' lang='lat' dir='ltr'>gmviffimurum</span> <span class='ocrx_word' id='word_1_232' title='bbox 931 4224 1113 4338; x_wconf 80' lang='lat' dir='ltr'>scripta,</span> <span class='ocrx_word' id='word_1_233' title='bbox 1140 4223 1335 4334; x_wconf 83' lang='lat' dir='ltr'>infallibili</span> <span class='ocrx_word' id='word_1_234' title='bbox 1360 4221 1588 4320; x_wconf 79' lang='lat' dir='ltr'>certitudini</span> <span class='ocrx_word' id='word_1_235' title='bbox 1617 4226 1757 4330; x_wconf 84' lang='lat' dir='ltr'>innixa</span> <span class='ocrx_word' id='word_1_236' title='bbox 1794 4233 1853 4328; x_wconf 54' lang='lat' dir='ltr'>trf</span> 
     </span>
     <span class='ocr_line' id='line_1_30' title="bbox 351 4329 1854 4452; baseline -0.007 -28"><span class='ocrx_word' id='word_1_237' title='bbox 351 4337 542 4452; x_wconf 81' lang='lat' dir='ltr'>stanter,</span> <span class='ocrx_word' id='word_1_238' title='bbox 570 4335 664 4443; x_wconf 75' lang='lat' dir='ltr'>hisie</span> <span class='ocrx_word' id='word_1_239' title='bbox 679 4341 800 4422; x_wconf 83' lang='lat' dir='ltr'>Plinii</span> <span class='ocrx_word' id='word_1_240' title='bbox 814 4339 971 4439; x_wconf 86' lang='lat' dir='ltr'>uerbis,</span> <span class='ocrx_word' id='word_1_241' title='bbox 999 4356 1045 4424; x_wconf 87' lang='lat' dir='ltr'>ut</span> <span class='ocrx_word' id='word_1_242' title='bbox 1061 4344 1222 4450; x_wconf 85' lang='lat' dir='ltr'>ingenue</span> <span class='ocrx_word' id='word_1_243' title='bbox 1234 4335 1396 4438; x_wconf 75' lang='lat' dir='ltr'>sntear,</span> <span class='ocrx_word' id='word_1_244' title='bbox 1412 4335 1483 4422; x_wconf 81' lang='lat' dir='ltr'>bac</span> <span class='ocrx_word' id='word_1_245' title='bbox 1501 4339 1542 4421; x_wconf 86' lang='lat' dir='ltr'>iu</span> <span class='ocrx_word' id='word_1_246' title='bbox 1559 4358 1606 4420; x_wconf 83' lang='lat' dir='ltr'>ra</span> <span class='ocrx_word' id='word_1_247' title='bbox 1622 4329 1854 4444; x_wconf 82' lang='lat' dir='ltr'>adstipulari</span> 
     </span>
     <span class='ocr_line' id='line_1_31' title="bbox 364 4439 1853 4567; baseline -0.006 -27"><span class='ocrx_word' id='word_1_248' title='bbox 364 4475 515 4567; x_wconf 82' lang='lat' dir='ltr'>nequeo.</span> <span class='ocrx_word' id='word_1_249' title='bbox 581 4447 718 4561; x_wconf 83' lang='lat' dir='ltr'>Negat</span> <span class='ocrx_word' id='word_1_250' title='bbox 741 4475 837 4562; x_wconf 85' lang='lat' dir='ltr'>ergo</span> <span class='ocrx_word' id='word_1_251' title='bbox 865 4452 925 4536; x_wconf 85' lang='lat' dir='ltr'>rir</span> <span class='ocrx_word' id='word_1_252' title='bbox 949 4449 1104 4536; x_wconf 74' lang='lat' dir='ltr'>Dosius</span> <span class='ocrx_word' id='word_1_253' title='bbox 1135 4449 1316 4537; x_wconf 84' lang='lat' dir='ltr'>Cauclros</span> <span class='ocrx_word' id='word_1_254' title='bbox 1352 4449 1401 4538; x_wconf 91' lang='lat' dir='ltr'>ad</span> <span class='ocrx_word' id='word_1_255' title='bbox 1422 4447 1609 4536; x_wconf 86' lang='lat' dir='ltr'>Rhenum</span> <span class='ocrx_word' id='word_1_256' title='bbox 1640 4439 1853 4544; x_wconf 75' lang='lat' dir='ltr'>habitasse,</span> 
     </span>
    </p>
   </div>
   <div class='ocr_carea' id='block_1_9' title="bbox 203 4553 1853 4677">
    <p class='ocr_par' dir='ltr' id='par_1_9' title="bbox 203 4553 1853 4677">
     <span class='ocr_line' id='line_1_32' title="bbox 203 4553 1853 4677; baseline -0.007 -23"><span class='ocrx_word' id='word_1_257' title='bbox 203 4563 209 4570; x_wconf 70' lang='grc'>’</span> <span class='ocrx_word' id='word_1_258' title='bbox 364 4596 446 4653; x_wconf 83' lang='lat' dir='ltr'>arno</span> <span class='ocrx_word' id='word_1_259' title='bbox 465 4559 570 4677; x_wconf 89' lang='lat' dir='ltr'>quod</span> <span class='ocrx_word' id='word_1_260' title='bbox 589 4563 749 4673; x_wconf 87' lang='lat' dir='ltr'>amplius</span> <span class='ocrx_word' id='word_1_261' title='bbox 771 4559 827 4648; x_wconf 90' lang='lat' dir='ltr'>est</span> <span class='ocrx_word' id='word_1_262' title='bbox 850 4559 955 4647; x_wconf 89' lang='lat' dir='ltr'>inter</span> <span class='ocrx_word' id='word_1_263' title='bbox 968 4563 1126 4648; x_wconf 89' lang='lat' dir='ltr'>Helium</span> <span class='ocrx_word' id='word_1_264' title='bbox 1145 4563 1366 4650; x_wconf 88' lang='lat' dir='ltr'>&amp;Flevum</span> <span class='ocrx_word' id='word_1_265' title='bbox 1385 4566 1533 4652; x_wconf 90' lang='lat' dir='ltr'>nullum</span> <span class='ocrx_word' id='word_1_266' title='bbox 1547 4557 1593 4644; x_wconf 88' lang='lat' dir='ltr'>iis</span> <span class='ocrx_word' id='word_1_267' title='bbox 1613 4560 1746 4646; x_wconf 89' lang='lat' dir='ltr'>locum</span> <span class='ocrx_word' id='word_1_268' title='bbox 1765 4553 1853 4642; x_wconf 79' lang='lat' dir='ltr'>fitis·</span> 
     </span>
    </p>
   </div>
   <div class='ocr_carea' id='block_1_10' title="bbox 360 4665 1856 4872">
    <p class='ocr_par' dir='ltr' id='par_1_10' title="bbox 360 4665 1856 4872">
     <span class='ocr_line' id='line_1_33' title="bbox 360 4665 1856 4872; baseline -0.011 -100"><span class='ocrx_word' id='word_1_269' title='bbox 360 4685 400 4772; x_wconf 88' lang='lat' dir='ltr'>se</span> <span class='ocrx_word' id='word_1_270' title='bbox 424 4712 434 4768; x_wconf 75' lang='grc' dir='ltr'><strong>ε</strong></span> <span class='ocrx_word' id='word_1_271' title='bbox 464 4678 578 4768; x_wconf 83' lang='lat' dir='ltr'>idern</span> <span class='ocrx_word' id='word_1_272' title='bbox 590 4673 726 4764; x_wconf 87' lang='lat' dir='ltr'>docuit</span> <span class='ocrx_word' id='word_1_273' title='bbox 744 4694 835 4763; x_wconf 86' lang='lat' dir='ltr'>ante</span> <span class='ocrx_word' id='word_1_274' title='bbox 854 4671 1052 4788; x_wconf 84' lang='lat' dir='ltr'>Philippus</span> <span class='ocrx_word' id='word_1_275' title='bbox 1069 4677 1273 4764; x_wconf 86' lang='lat' dir='ltr'>Cluverius</span> <span class='ocrx_word' id='word_1_276' title='bbox 1286 4733 1307 4792; x_wconf 26' lang='grc' dir='ltr'>,Ι</span> <span class='ocrx_word' id='word_1_277' title='bbox 1331 4686 1435 4788; x_wconf 83' lang='lat' dir='ltr'>cujus</span> <span class='ocrx_word' id='word_1_278' title='bbox 1464 4671 1699 4764; x_wconf 85' lang='lat' dir='ltr'>senteutiam</span> <span class='ocrx_word' id='word_1_279' title='bbox 1714 4665 1856 4872; x_wconf 53' lang='lat' dir='ltr'>resgffls</span> 
     </span>
    </p>
   </div>
   <div class='ocr_carea' id='block_1_11' title="bbox 0 0 2159 5650">
    <p class='ocr_par' dir='ltr' id='par_1_11' title="bbox 0 0 2159 5650">
     <span class='ocr_line' id='line_1_34' title="bbox 0 0 2159 5650; baseline 0 0"><span class='ocrx_word' id='word_1_280' title='bbox 0 0 2159 5650; x_wconf 95' lang='lat' dir='ltr'> </span> 
     </span>
    </p>
   </div>
  </div>
 </body>
</html>
