4292 5650
219 2523 221 2531 Α
345 2429 568 2533 teramnae,
598 2427 664 2516 sed
682 2439 812 2538 cuuis,
840 2427 995 2520 filetum
1014 2431 1121 2518 enim

239 3660 249 3683 ,
354 3592 487 3659 tamen

327 333 396 445 ³4
518 229 1667 408 nssuisrsusuuon
1795 231 1802 243 ”

138 536 144 540 -
331 533 447 620 quam
472 479 690 615 scripturam
711 527 796 592 uon
812 499 933 586 solum
950 493 1124 589 Codices
1142 499 1251 610 prisci
1281 496 1491 602 telianuir3
1510 529 1619 618 ‘quos
1635 501 1734 596 vidit
1746 511 1850 598 Suri-

332 641 396 721 ta‚
424 615 489 706 sed
509 611 553 704 sa
570 643 655 700 eam
676 611 1139 726 Peutiugeriaual'abula
1157 611 1374 702 confirmat
1431 613 1517 700 lmo
1538 617 1680 706 Codex
1694 623 1849 735 Regina

334 731 526 822 Itinerarii
551 725 749 837 Ausabam
775 726 956 840 legebat,
983 726 1136 812 solenni
1151 729 1191 808 V
1210 727 1255 816 dr
1274 727 1307 814 Β
1333 736 1663 835 commutatione,
1691 739 1757 848 qui
1770 739 1850 826 ca,

203 934 207 942 ,
336 845 417 934 deu
443 864 550 930 certo
577 840 728 928 indicio
759 837 840 942 est,
867 863 955 928 noo
980 835 1186 949 Atalantam
1201 837 1269 928 sed
1284 837 1489 953 Ausauam
1507 843 1582 932 elle
1599 851 1850 940 nominatam
1962 903 1969 914 ι

311 957 609 1176 'maddddejdm
638 1067 893 1178 scripseram,
918 1039 999 1154 imo
1024 1025 1212 1154 volumen
1236 1065 1313 1154 hoc
1335 1035 1418 1174 ism
1437 1072 1557 1180 plane
1579 1071 1848 1182 absolveram,

339 1213 429 1273 cum
454 1211 546 1272 ecce
569 1182 849 1292 Inscriptioues
875 1178 997 1266 Gudii
1025 1177 1387 1268 defideratilsrmum
1408 1185 1514 1268 Viris
1531 1186 1690 1273 eruditis
1709 1219 1848 1302 opus,

339 1303 381 1388 in
400 1301 528 1388 lucem
546 1293 737 1406 protrahit
763 1295 823 1380 Cl.
853 1293 1071 1412 franciscus
1101 1291 1315 1399 Hesiodus,
1341 1297 1387 1384 in
1401 1297 1453 1392 ,iis
1474 1296 1583 1390 bunc
1609 1303 1765 1391 titulum
1786 1333 1850 1393 re·.

288 1535 297 1550 ἱ
339 1413 531 1530 peripag.
565 1428 628 1516 55.
657 1435 699 1496 n.
734 1431 798 1496 11.
884 1444 894 1460 ·

619 1725 624 1734 .
792 1607 1187 1724 Tauranus

802 1749 1141 1836 ¹SACRVM
1467 1776 1482 1842 3

789 1860 852 1950 u.
882 1861 1199 1946 ussvsuvs.
1226 1859 1284 1946 u.
1312 1859 1353 1945 s.
1388 1865 1510 1950 nnn.
1538 1865 1726 1955 rasas
1810 1947 1814 1954 .

851 1973 960 2060 svs
990 1973 1198 2060 oscus.
1227 1973 1547 2064 rursuauu.

792 2085 1224 2194 eruovsuuas
1253 2085 1300 2170 n
1336 2089 1438 2181 sic.
1468 2093 1523 2178 o.
1553 2093 1608 2180 o.

343 2315 552 2431 Descripfit
571 2311 724 2402 Gudius
740 2313 844 2404 hunc
864 2313 1032 2428 lapidem
1046 2339 1105 2404 ex
1119 2313 1286 2410 Schedia
1300 2315 1466 2431 Ligorii.
1482 2319 1667 2408 iuventus
1688 2281 1766 2409 soit
1784 2325 1848 2410 ln-

629 2545 635 2556 ·
760 2547 767 2559 ι
902 2552 904 2556 .
1090 2544 1098 2558 .
1131 2433 1269 2628 plures
1289 2431 1367 2518 boc
1388 2432 1552 2561 nornine
1568 2433 1704 2562 urbes,
1732 2439 1850 2553 igno·

344 2571 427 2638 tare
444 2575 518 2634 nos
534 2547 667 2630 voluit.
726 2545 913 2630 Fumatur
935 2567 1062 2630 autem
1086 2571 1128 2633 in
1160 2573 1183 2630 e
1210 2545 1380 2670 Vulgata
1401 2545 1535 2630 Taciti
1562 2546 1769 2657 scripum,
1800 2551 1854 2638 de

345 2691 421 2776 qua
438 2680 550 2746 antea
566 2657 745 2772 egimus,
773 2655 846 2744 nifi
879 2653 984 2769 quod
1014 2653 1382 2756 Tsmfansmdrcrt,
1411 2685 1526 2768 quam
1541 2658 1638 2745 illius
1655 2654 1744 2746 libri
1764 2689 1853 2749 exa-
1936 2743 1940 2750 .

171 2777 181 2794 “’
345 2775 419 2865 rati
447 2769 674 2864 Tanfanarn
707 2772 889 2861 scribunt.
948 2766 1030 2859 Sed
1067 2768 1120 2856 de
1146 2770 1226 2857 hoc
1248 2767 1375 2882 lapide
1407 2769 1667 2883 ampliandum
1692 2777 1848 2865 censeo.

248 2940 253 2958 ›
347 2892 467 2979 Certe
489 2890 597 2995 plura
625 2884 677 2971 de
701 2914 751 2973 eo
774 2882 1003 2996 disputanda
1034 2902 1175 2988 errant,
1203 2912 1321 2997 quam
1337 2902 1404 2970 aut
1426 2882 1535 2991 hujus
1552 2888 1683 2998 operis
1701 2892 1853 2980 mensu

223 2996 231 3007 ¹
345 3032 390 3095 ta
407 3022 470 3090 sut
487 2998 701 3085 institutum
718 2998 896 3086 nostrum
917 2996 1061 3085 ferunt.
1101 3013 1105 3021 '
1431 3018 1434 3024 ’

405 3116 498 3201 Hoc
517 3112 601 3201 satis
620 3141 641 3195 a
662 3114 779 3201 nobis
802 3111 1037 3201 declaratum
1056 3128 1180 3223 puto,
1209 3107 1433 3199 cavendum
1452 3106 1548 3209 elle,
1575 3135 1631 3196 ne
1645 3106 1854 3201 facilecul·

349 3252 433 3319 tum
452 3254 581 3315 esrum
592 3222 767 3311 Matrurn
785 3248 895 3311 extra
914 3226 1089 3313 locorum
1104 3226 1258 3309 ssorum
1278 3222 1484 3331 pomoeria
1495 3218 1758 3332 proferantur,
1766 3258 1853 3317 mo·

350 3344 517 3453 nuitque
544 3331 693 3423 dudum
720 3340 878 3425 Servius
906 3334 957 3421 ad
985 3334 1195 3445 Virgilium
1225 3332 1434 3423 Aeneidos
1463 3337 1565 3423 libro
1593 3338 1698 3425 Vll.
1727 3371 1766 3428 v.
1784 3368 1855 3452 47.

484 3448 1857 3674 astur

1248 3618 1265 3664 2

356 3680 460 3771 dicas
471 3734 485 3783 ,
515 3680 558 3763 in
589 3668 663 3789 qus
688 3676 848 3791 quidem
868 3705 911 3765 re
932 3704 1016 3763 uon
1046 3675 1134 3762 satis
1158 3672 1295 3763 caville
1320 3671 1569 3777 Reinesrum‚
1598 3662 1860 3787 Orperum'&

355 3796 634 3911 Keyslerum,
663 3788 960 3901 deprehendere
987 3792 1106 3899 licet3
1135 3789 1201 3901 qui
1227 3788 1378 3875 Matres
1408 3793 1555 3884 Suevas
1584 3820 1633 3878 es
1650 3788 1859 3883 Gennania

356 3910 421 3999 sus
437 3928 619 3995 evocatae
637 3909 734 3991 ultra
743 3904 927 3993 Rhenum
936 3904 1065 4013 Alpes
1083 3932 1133 3988 ne
1141 3904 1261 4015 inque
1279 3904 1397 4013 ipsam
1406 3902 1552 3995 ltaliam
1568 3906 1762 4021 ipsamque
1773 3910 1859 3996 Ro.

359 4050 464 4109 mam
479 4016 700 4131 deportant
713 4018 793 4106 Sed
814 4044 1038 4131 quanquam
1055 3930 1161 4103 dorse
1178 4016 1288 4123 huius
1314 4016 1566 4144 ampliffimae
1585 4018 1732 4110 Gentis
1747 4022 1861 4121 Dese

361 4136 405 4221 in
434 4135 564 4223 multis
589 4136 700 4220 terris
728 4132 888 4221 luerunt
911 4134 1059 4234 cultae,
1089 4157 1200 4243 nego
1222 4150 1355 4218 tamen
1376 4158 1421 4215 ns
1439 4136 1706 4221 monumentis
1726 4162 1862 4225 earum

362 4250 507 4337 cultum
523 4243 683 4349 doceri,
712 4248 850 4359 quibus
869 4241 1105 4359 ipssputsnt.
1166 4245 1344 4357 Cuperus
1361 4272 1527 4355 nunqua
1547 4247 1589 4331 in
1604 4247 1862 4357 inscriptioni·

363 4364 436 4451 bns
465 4359 510 4445 br
533 4358 799 4445 monumentis
826 4362 991 4470 antiquis
1020 4386 1111 4472 pag.
1136 4360 1228 4464 262.
1258 4358 1304 4445 δι
1328 4356 1540 4474 Keyslenis
1560 4359 1612 4447 de
1627 4360 1866 4451 Mulieribus

362 4470 545 4571 Fatidicis
574 4500 662 4587 pag.
702 4496 796 4579 241.
834 4472 879 4559 dc
910 4486 1008 4577 441.
1036 4468 1201 4582 lapidem
1235 4470 1338 4557 illum
1367 4500 1417 4559 es
1444 4472 1630 4561 fabretto
1658 4470 1708 4559 de
1739 4502 1862 4590 aquae

364 4588 545 4681 doetibor
567 4614 657 4705 pag.
683 4588 773 4677 106.
803 4586 849 4675 dr
862 4586 1019 4699 Sponio
1041 4586 1086 4671 in
1113 4582 1371 4675 Miscellaneis
1395 4582 1579 4687 Eruditae
1604 4584 1861 4701 Antiquitatir

364 4724 568 4825 ⁹⁸g‘w7'
1702 4792 1866 4905 svis-
