4292 5650
322 295 425 403 μη
503 264 670 376 Μ,
703 257 1471 401 ru.1·a:unu;uu5r
1503 261 1668 374 osor

327 447 425 546 dum
442 477 673 556 autemnon
690 459 770 559 est,
799 460 896 570 quin
913 488 984 562 ea,
1010 486 1110 570 quae
1132 458 1316 570 tradidit,
1343 459 1396 546 ab
1416 462 1702 573 antiquioribus
1721 473 1827 557 aare

326 575 442 686 perit.
502 575 559 658 Ita
577 575 642 658 ille
672 570 843 658 deludo
865 573 943 658 hoc
968 575 1187 660 litterano.-
1222 574 1334 682 Quid
1352 573 1511 688 denique
1530 580 1670 690 loquar
1688 577 1733 662 de
1752 581 1830 674 Le,-

328 693 516 772 rinarurn'
524 683 655 796 schola
682 689 927 786 litterarum,
955 715 1072 800 quam
1100 687 1309 774 ibidemad
1330 687 1506 774 Rhenum
1529 689 1636 776 haud
1648 693 1789 803 prom
1801 717 1830 782 e
1952 713 1953 718 '

332 799 489 904 Castro,
508 795 609 914 quod
629 825 759 884 arcem
778 799 937 885 dicimus
958 802 1222 886 Romanorum
1247 816 1501 915 aperuerant.
1528 802 1672 893 lisdem
1704 831 1830 914 paene

331 914 462 998 verbis
491 910 656 997 Scholae
682 911 791 1017 hujus
813 914 993 1002 meminit
1024 915 1193 1026 aequalis
1223 913 1373 1000 Aurelii
1398 916 1442 1002 δι
1468 917 1612 1008 amiens
1637 916 1832 1009 R‘einerue

328 1025 479 1114 Sunius
496 1025 538 1109 in
557 1025 707 1110 Rerum
729 1025 998 1114 Batavicurum
1018 1028 1119 1114 libro
1146 1028 1227 1114 ΙΙΙ.
1257 1027 1370 1136 Quiri
1383 1029 1543 1141 denique
1557 1030 1678 1116 dicam
1692 1029 1738 1116 de
1751 1033 1832 1122 La·
1882 1085 1889 1096 ·

329 1142 508 1224 tinearum
525 1137 668 1223 Schola
677 1139 900 1224 litterarum
918 1167 1035 1253 quam
1046 1142 1102 1226 ad
1116 1139 1291 1226 Rhenum
1306 1142 1412 1229 haud
1424 1145 1566 1255 procul
1576 1141 1628 1227 ab
1645 1166 1737 1228 arce
1755 1145 1833 1230 na

328 1275 533 1336 manorum
550 1247 654 1339 uilia
672 1253 927 1362 mebant?
955 1254 1103 1340 Arcem
1121 1255 1394 1344 Romanorum
1409 1256 1687 1370 Romburgum
1702 1256 1832 1342 nomi-
1869 1257 1873 1276 ⁴

329 1384 441 1450 nant.
478 1365 611 1468 Quam
633 1392 759 1449 arcem
778 1394 799 1450 a
818 1365 1007 1452 Romanis
1029 1366 1174 1454 dictam
1193 1371 1346 1454 volunt.
1375 1371 1468 1484 Ego
1491 1367 1653 1471 dubito,
1683 1371 1772 1480 quie
1791 1371 1834 1456 iu

327 1479 534 1564 nonnullis
552 1478 821 1564 monumentis
837 1479 1008 1592 antiquis
1025 1481 1242 1592 ‘Rodebnrg
1261 1487 1486 1593 appellatur.
1543 1479 1623 1570 Sed
1643 1481 1720 1566 hoc
1740 1485 1834 1577 alius

330 1611 480 1703 agetur.
539 1591 627 1676 Nos
647 1593 690 1674 in
723 1592 803 1678 hoc
830 1617 952 1702 opere
980 1593 1268 1680 observavimus
1302 1598 1559 1704 plurimorum
1584 1596 1837 1705 hripturami

329 1704 398 1815 qui
419 1704 687 1810 demiurgum
705 1707 940 1803 nominant,
971 1703 1079 1815 quod
1097 1733 1151 1790 ne
1170 1705 1286 1792 nobis
1307 1705 1520 1808 frendit,
1549 1735 1665 1821 rogo.
1724 1707 1831 1798 Cou

328 1845 405 1901 nus
430 1817 679 1924 Ramohhmg
698 1810 805 1902 dicit.
848 1817 956 1902 Hoc
974 1837 1129 1902 tantum
1156 1819 1350 1906 observari
1381 1821 1525 1921 velim,
1555 1819 1762 1908 Aurelium
1789 1816 1864 1908 δι’

328 1929 495 2020 Snoium
515 1926 683 2019 scholam
699 1926 798 2012 hanc
815 1928 981 2014 vicinam
1008 1935 1201 2019 collocare
1221 1931 1454 2048 Romburgo
1478 1959 1564 2020 non
1586 1931 1834 2020 Brittenbur·
1881 2037 1884 2044 Ι

232 2095 236 2101 »
329 2071 416 2156 go,
446 2071 545 2154 quae
561 2060 699 2126 tamen
715 2039 849 2126 Castra
867 2040 967 2128 haud
986 2045 1113 2160 longo
1138 2046 1260 2156 spatio
1279 2047 1382 2131 iuter
1397 2049 1436 2134 se
1458 2043 1621 2147 distant,
1643 2065 1775 2148 certe,
1798 2043 1834 2136 u

329 2160 434 2249 bene
455 2153 642 2254 memini,
670 2183 757 2240 non
774 2159 873 2242 ultra
890 2155 968 2241 IV.
989 2178 1057 2244 aut
1083 2161 1131 2242 V.
1160 2159 1278 2244 millia
1296 2156 1478 2266 pulsuum.
1520 2161 1637 2262 Quae
1660 2185 1757 2244 vero
1782 2155 1833 2246 de

330 2270 405 2354 hac
423 2266 564 2354 Schola
590 2288 833 2371 memorant,
862 2266 1033 2356 necdum
1060 2268 1155 2356 milri
1186 2272 1329 2382 liquet,
1360 2299 1411 2358 ex
1431 2271 1652 2374 Suetonio,
1684 2269 1833 2360 Colino

331 2381 487 2491 aliisque
504 2379 695 2466 Batavicis
716 2378 1006 2493 scriptoribus,
1036 2411 1085 2468 an
1102 2414 1154 2470 ex
1168 2381 1268 2466 fama
1284 2384 1514 2491 acceperint.
1822 2438 1827 2458 2

335 2539 340 2582 ;
390 2493 482 2578 Hoc
501 2514 634 2580 tamen
655 2495 804 2604 liquere
831 2518 958 2606 puto,
988 2499 1031 2580 in
1055 2525 1162 2609 auras
1184 2491 1359 2580 effudilie
1385 2507 1546 2582 omnem
1569 2489 1730 2580 dicendi
1750 2494 1836 2588 *vim

330 2609 377 2696 Sc
396 2604 600 2692 doctrinae
619 2609 774 2715 copiam
794 2608 952 2693 Petrum
965 2609 1224 2718 Seriverium,
1250 2635 1362 2718 quam
1381 2606 1431 2692 ad
1453 2606 1736 2719 debilitandum
1757 2607 1836 2696 boc

331 2719 488 2809 Aurelii
515 2718 805 2820 testimonium,
835 2721 879 2806 ἃ
900 2719 948 2804 ad
973 2719 1275 2808 subvertendam
1303 2722 1408 2806 illam
1426 2721 1596 2806 scholam
1624 2717 1763 2806 adtulit
1776 2721 1834 2810 iu

233 2838 237 2848 '
333 2834 550 2923 Tabulario
582 2832 878 2945 Antiquitatum
906 2834 1201 2947 Batavicaruur.¹
1247 2832 1499 2946 Posteaquam
1536 2836 1643 2921 enim
1684 2829 1836 2924 erudite

331 2953 454 3038 multa
480 2943 532 3032 de
559 2945 711 3035 scholae
742 2947 908 3033 nornine
931 2946 1284 3062 &fignificatione
1313 2944 1552 3062 disputavity
1572 2946 1647 3037 huc
1676 2944 1837 3038 tandem

262 3151 268 3161 „
334 3060 494 3160 euadit,
525 3058 733 3145 Aurelium
755 3060 906 3147 bonum
928 3061 1178 3149 coenobitam
1202 3064 1265 3175 (ut
1284 3088 1373 3147 eum
1398 3064 1585 3172 appellat)
1619 3088 1707 3147 urm
1732 3058 1837 3149 forte

334 3178 377 3259 iu
394 3170 524 3285 lupide
539 3173 589 3258 ad
609 3174 881 3288 Romburgum
905 3182 1073 3263 invento
1099 3202 1240 3261 vocem
1262 3176 1413 3261 sdrolae
1440 3169 1690 3272 offendiliet,
1720 3170 1838 3257 inter»

333 3309 530 3399 pretatum
547 3284 623 3373 elie
645 3314 732 3371 eam
752 3284 803 3372 de
825 3287 968 3373 Schola
985 3290 1188 3389 litteraria,
1219 3316 1316 3399 quae
1331 3288 1442 3373 aliam
1463 3313 1653 3398 quamque
1669 3282 1838 3375 schoun

335 3398 580 3509 lignilicaret.
623 3396 682 3483 At
701 3426 796 3485 vero
813 3428 911 3485 num
929 3402 1046 3485 etiam
1066 3402 1298 3487 Suetonium
1312 3399 1523 3513 deceptum
1544 3396 1648 3486 dicet
1662 3398 1839 3498 insueto,

336 3533 446 3600 certe
465 3507 673 3597 ineruditis
694 3511 825 3597 minus
839 3516 1005 3626 cognito
1029 3514 1137 3601 vocis
1156 3518 1243 3617 usu,
1272 3512 1430 3625 quando
1451 3542 1537 3599 uon
1553 3512 1744 3609 scholam,
1773 3509 1841 3599 sed

336 3624 473 3711 krdum
508 3623 736 3717 litterarium
765 3628 967 3738 appellat?
1002 3656 1088 3715 nou
1121 3650 1228 3739 puto.
1287 3625 1512 3733 Cuiusmodi
1533 3645 1670 3730 mutem
1698 3622 1841 3713 schola

339 3738 458 3828 fuerit
473 3737 664 3825 Coloniae
675 3736 870 3843 Traianae
880 3738 1220 3852 Ulpiae‚definire
1234 3770 1318 3825 non
1338 3736 1563 3841 auhn-‚late
1582 3752 1756 3849 namque
1773 3764 1842 3849 pas

338 3873 399 3946 tet
417 3851 635 3942 haecum(
679 3852 747 3937 De
765 3878 810 3936 ea
830 3853 925 3952 haec
948 3854 1123 3963 prodidit
1148 3853 1369 3963 Stephanus
1387 3850 1596 3937 Vinandus
1620 3850 1776 3964 Pighius
1799 3851 1841 3935 in

340 3968 511 4053 Hercule
527 3964 710 4051 Prodicio
721 3993 811 4080 pag.
836 3983 899 4075 35.
927 3966 1079 4055 Sanliis
1089 3992 1107 4065 ;
1126 3966 1321 4079 oppidum
1338 3970 1486 4053 Santen
1502 3965 1687 4077 intelligit
1699 3966 1742 4050 in
1758 3964 1842 4053 Du

340 4097 429 4163 catu
447 4075 748 4188 Clivenh.supra
763 4082 923 4166 Vahalis
943 4112 986 4166 ac
1003 4082 1138 4167 Rheni
1152 4080 1321 4165 divortia
1337 4138 1351 4181 ‚
1370 4079 1523 4191 infirprr
1532 4076 1841 4189 Hennensium*
1925 4168 1940 4177 ,
2034 4084 2039 4097 ’

341 4196 452 4286 uicus
469 4190 784 4302 jurisconsultus
806 4196 902 4283 mihi
922 4196 976 4298 oh
1001 4198 1255 4292 cruditionem
1283 4192 1340 4298 69
1364 4194 1602 4306 probitatem
1630 4190 1840 4275 calderon·

336 4298 498 4414 juniius
522 4305 578 4405 i?
615 4312 786 4408 anricus,
815 4310 931 4395 hahet
972 4315 1080 4395 inter
1116 4314 1399 4421 antiquitatum
1423 4304 1593 4417 sicarum
1622 4298 1846 4393 colledianca

342 4417 549 4530 exemplum
581 4413 811 4525 exscriptum
843 4448 892 4503 erc
917 4423 1142 4530 fingmento
1182 4422 1338 4508 tabulae
1369 4417 1651 4536 antipulffimae
1679 4440 1846 4501 marma

343 4556 472 4632 rene,
512 4532 553 4614 in
579 4554 659 4645 qua
680 4526 841 4640 posteris
865 4540 1073 4617 memoriae
1101 4534 1297 4641 proditura
1319 4536 1442 4641 fuit,
1476 4537 1733 4647 Impemtrres
1755 4531 1845 4613 dnh

333 4645 459 4755 sares-
473 4645 537 4734 M.
559 4644 769 4735 Aurelium
794 4645 1040 4733 Antoninum
1061 4644 1131 4767 Θ.
1144 4646 1190 4732 L
1210 4650 1418 4735 Aurelium
1441 4645 1659 4757 Augaastos.
1672 4640 1844 4842 {titfrid
