4292 5650
541 342 1103 448 resarciuntur
1143 348 1527 442 tentaturum:
1567 374 1572 404 ⁵
1726 370 1806 472 req

308 524 904 629 tnns·iti·Dillortatione-nostri
925 531 1027 641 Cape
1048 546 1085 635 ς.
1130 526 1213 614 lle
1239 516 1533 633 Frisabonibus,
1563 558 1662 645 quos
1680 527 1808 621 finili·
1847 539 1851 549 '
1911 554 1914 559 ·

307 672 368 740 tet
387 636 567 736 his-locis
591 668 769 733 extorres
787 663 910 759 agunt
930 645 1028 753 Cap.
1051 670 1088 754 3.
1119 668 1206 759 pag.
1226 644 1291 729 26.
1315 643 1359 727 δι
1383 644 1476 755 Cap.
1504 654 1540 735 8.
1560 674 1649 761 pag.
1664 672 1733 754 90.

313 807 326 827 ν
364 764 484 850 Pto.
504 760 628 849 XXl
659 761 709 845 In
730 758 1156 867 urficGalloBelgicae
1169 761 1251 842 oris
1268 756 1467 844 Medicum
1486 784 1614 869 agens.
1650 762 1744 848 Duo
1762 760 1806 849 in
1871 820 1873 825 -

270 980 276 988 ‚
308 878 370 965 luis
402 870 557 963 Ausim
586 870 938 986 adfirmat,·quae,
968 868 1287 983 siliquidnsuni,
1307 898 1340 975 'a
1358 873 1474 957 nobis
1492 876 1802 982 praetermitten-

309 990 463 1078 arnan
480 986 651 1102 ficerunt,
693 987 866 1087 Primo,
896 981 1101 1093 Frisiorum
1116 1003 1257 1070 tortum
1279 982 1596 1101 GalloBelgicae
1618 986 1805 1075 adnume-

250 1142 257 1152 ·
306 1122 430 1193 ratem
446 1098 591 1209 sitisseq
614 1098 818 1212 secundo,
846 1100 1019 1208 'Plinium
1050 1096 1171 1213 egisse
1196 1094 1401 1183 Medicum
1426 1100 1469 1184 in
1499 1100 1558 1183 his
1586 1100 1676 1185 oris.
1735 1103 1805 1187 De
1868 1178 1872 1187 .

305 1208 438 1330 priore
464 1234 576 1326 parte
610 1211 1083 1305 alibi-nobis'dicendum
1105 1212 1190 1299 erit.
1249 1210 1572 1299 Pliniumautem
1598 1210 1806 1299 Medicum

308 1326 425 1441 egisse
445 1327 531 1429 hic,
558 1326 715 1443 ignoro.
776 1324 969 1438 Spedlasle
998 1354 1090 1413 eum
1117 1326 1162 1412 &
1184 1320 1316 1412 obiisse
1336 1324 1405 1409 has
1424 1354 1510 1411 oras
1534 1324 1802 1414 credibile‘est.
1946 1342 1953 1355 “

307 1440 379 1527 Tu
400 1438 521 1543 vide,
551 1468 653 1551 quse
670 1442 749 1553 ipse
767 1439 819 1527 de
836 1442 875 1527 se
895 1440 1142 1527 libro-X·VI·.
1180 1468 1262 1551 cap.
1288 1464 1320 1523 1.
1359 1442 1461 1525 Sunt
1478 1466 1574 1525 otro
1594 1445 1634 1526 iu
1651 1446 1805 1554 Septen·
1864 1438 1879 1469 ⁹

303 1558 433 1643 trione
459 1570 827 1641 vrsutc⁴uosrs
856 1554 1097 1641 Cauchorum
1112 1570 1257 1664 gentes.
1318 1552 1466 1639 Obiille
1493 1576 1727 1655 turonicas,
1756 1574 1801 1641 ut

305 1668 491 1768 militem,
521 1688 620 1776 puto
638 1670 691 1770 in,
704 1665 881 1772 castrensi
905 1666 995 1751 Titi
1014 1664 1263 1779 Vespasiani,
1296 1664 1387 1753 dein
1406 1668 1677 1777 imperatoris,
1708 1695 1802 1769 con-

305 1773 527 1878 tubernio,
557 1762 711 1892 de'qtro
726 1782 807 1889 ipse
825 1782 870 1863 itt
885 1768 1129 1887 ‘p‘r'a'eftitione
1151 1778 1282 1889 operis
1292 1780 1358 1860 sui'
1370 1777 1420 1861 ad
1438 1773 1604 1868 Titum
1654 1780 1806 1869 Metuit
1849 1828 1885 1857 -.

309 1912 446 1999 tutem,
467 1889 590 1991 Titus
608 1896 643 1993 is
656 1898 725 1991 Jin'
744 1891 972 1988 Germania,
986 1890 1191 1987 Tribunus
1213 1890 1401 1990 milittun,
1431 1910 1476 1975 ut
1495 1890 1650 1977 testatur
1664 1895 1806 1979 Sueto·

304 2008 395 2115 ttius
414 2006 461 2091 in
482 2003 573 2089 Titi
600 2006 783 2120 vitaCap.
812 2030 852 2113 q.
911 2002 1125 2092 Medicum·
1149 2003 1234 2107 hic,
1258 2022 1330 2089 'atrt
1352 2003 1467 2106 alibi,
1498 2001 1617 2120 egisse
1636 2005 1804 2093 Plinium
1853 1996 1860 2010 ’

305 2116 491 2205 credibile
507 2119 684 2222 nonest,
714 2121 768 2206 ob
787 2148 834 2206 ea
854 2148 952 2231 quae
974 2117 1025 2206 de
1040 2117 1214 2204 Medicis
1236 2116 1427 2204 Romanis
1449 2118 1524 2229 ipse
1544 2114 1663 2203 tradit
1681 2112 1805 2207 Libro

304 2231 484 2317 XXIX.
514 2260 595 2343 cap.
618 2259 652 2316 1.
710 2232 831 2320 Forte
847 2253 1086 2318 tamencum
1106 2230 1309 2318 Medicum
1326 2252 1534 2342 propterea
1552 2230 1804 2347 Muntingius

304 2342 422 2445 dicit,
451 2342 558 2455 quod
583 2346 785 2432 herbarum
806 2350 1102 2456 plantarumque
1121 2343 1322 2454 indolem,
1353 2364 1398 2429 ut
1416 2346 1460 2427 in
1483 2345 1639 2456 reliquis
1657 2348 1804 2450 terris,

304 2454 497 2539 fic‘etirrn
516 2453 562 2531 iri
582 2455 702 2531 Prista
721 2441 785 2530 eli
806 2450 1001 2529 strumus.
1042 2446 1212 2529 *vernn
1236 2468 1326 2531 enm
1348 2482 1479 2534 rerum
1499 2459 1676 2539 omnium
1691 2480 1805 2541 natu-

305 2594 387 2651 ram
415 2556 590 2649 studiose.
605 2560 671 2645 ille
695 2558 914 2674 indagant,
945 2555 1054 2644 unde
1082 2558 1126 2643 &
1142 2559 1318 2645 Naturali
1337 2559 1529 2647 Historiae
1544 2566 1629 2650 strae
1648 2552 1807 2655 nomen

305 2672 495 2789 indidit,
526 2698 610 2761 non
643 2670 799 2759 Medici
830 2672 996 2789 magis,
1035 2675 1150 2783 quim
1187 2674 1342 2761 aliarum
1367 2676 1505 2761 artium
1530 2680 1696 2809 nornine
1725 2682 1804 2768 eric

307 2788 676 2991 deli'siniziuiisxll.
733 2903 858 2988 Plinii
867 2841 999 3011 ''Iocum
1021 2836 1300 2993 'emendandum
1328 2919 1447 3018 atqua
1475 2906 1542 2992 hoc
1556 2906 1662 2993 modo
1679 2911 1805 3018 leget:

306 3015 553 3130 dunstatus.
614 3013 730 3098 Plinii
760 3019 873 3099 -locus
899 3017 961 3101 hic
986 3017 1040 3101 est
1061 3047 1110 3100 ex
1125 3016 1223 3102 libro
1243 3017 1320 3122 lV.
1351 3046 1432 3127 cap.
1460 3042 1521 3122 15.
1552 3020 1594 3102 in
1611 3048 1661 3104 eo
1684 3048 1803 3108 uoces

306 3132 375 3218 lr'as
401 3129 639 3215 cambotam
658 3123 979 3232 &Frilabounm
997 3146 1118 3213 mutat
1145 3129 1187 3212 in
1207 3131 1390 3240 majorum
1420 3129 1476 3234 ἐφ’
1499 3133 1573 3216 Fri
1585 3159 1712 3217 torum
1734 3140 1803 3221 mi·

169 3275 175 3286 ·
306 3266 471 3345 mum,
499 3237 673 3342 secunts,
704 3231 973 3328 utcon‘suevtt
995 3242 1226 3348 senientiam
1243 3244 1424 3329 Cluserii.
1485 3243 1544 3330 Ft‘
1563 3246 1722 3332 rabones
1741 3275 1802 3334 er·

336 3387 368 3444 o
388 3353 563 3442 excludit
588 3355 636 3440 ab
661 3355 737 3439 hoc
764 3358 879 3457 loco,
909 3357 954 3441 dc
980 3377 1112 3442 temen
1141 3383 1209 3441 eos
1236 3356 1467 3443 retinendos
1496 3361 1629 3444 censet
1651 3351 1699 3471 pa
1730 3363 1798 3448 ina

304 3387 522 3584 doctiore,
552 3489 596 3552 ut
610 3468 707 3553 solet
727 3464 797 3553 stbi
818 3470 1080 3556 innonnullis
1101 3497 1235 3580 parum
1253 3470 1428 3556 constare
1442 3472 1677 3562 Clariffinns
1690 3390 1801 3562 duc·

306 3605 378 3696 tot,
408 3582 604 3696 Equidem
628 3603 757 3667 autern
772 3579 869 3667 nihil
889 3581 1137 3696 migrandum
1153 3605 1251 3692 puto
1267 3587 1309 3668 'in
1325 3583 1393 3671 illo
1414 3586 1532 3670 Plinii
1550 3590 1652 3673 loco.
1684 3591 1799 3694 Quae

305 3724 426 3808 porto
453 3696 505 3781 de
531 3697 792 3794 Batavorum,
824 3693 1104 3778 Caninefatum
1131 3696 1369 3806 aliorumque
1390 3702 1624 3809 populorum
1641 3701 1797 3786 sedibus

305 3811 351 3898 &
376 3804 668 3892 conditionibus
695 3807 892 3916 disputat,
922 3833 970 3892 ea
1000 3807 1047 3922 ab
1070 3807 1233 3917 aliorum
1251 3809 1451 3894 sententiis
1470 3814 1526 3894 nil
1553 3807 1804 3921 discrepant,

307 3938 527 4034 quanquam
560 3917 611 4004 d'e
638 3919 769 4004 niultis
796 3947 870 4005 nos
886 3922 928 4004 in
946 3917 1015 4005 alia
1035 3921 1169 4005 omnia
1188 3913 1433 4007 discedimus.
1491 3925 1572 4008 Res
1589 3922 1684 4010 haec
1704 3953 1797 4037 pto·
1817 3979 1820 3985 ·

305 4037 464 4123 liriores
478 4030 754 4142 disputationes
770 4033 948 4142 requirit,
979 4062 1075 4145 quae
1095 4033 1232 4120 abhoc
1250 4037 1339 4120 loco
1355 4037 1510 4121 alienae.

326 4191 332 4200 ·
360 4149 482 4234 Pro.
510 4147 683 4232 XXVI
697 4147 749 4229 ll.
809 4147 974 4241 Romani
1000 4164 1129 4230 antem
1156 4151 1389 4234 Graecorum
1409 4149 1614 4259 oesligr'is,
1641 4167 1796 4266 accepta

306 4264 357 4350 ab
385 4263 460 4348 illls
485 4284 568 4344 una
594 4285 678 4346 cum
705 4265 853 4346 nomine
878 4265 1121 4368 cognitione,
1149 4259 1206 4363 &
1232 4265 1326 4370 ufic,
1355 4264 1629 4350 Britannicam
1641 4267 1793 4354 dinem.

307 4374 376 4457 Do
399 4374 595 4483 plerasque
625 4390 762 4473 artes,
801 4399 899 4480 quae
930 4371 982 4456 ad
1010 4371 1276 4458 excolendum
1305 4375 1511 4488 ingenium
1545 4375 1725 4482 faciunt,
1771 4407 1822 4466 a,
1892 4403 1895 4412 ·

306 4480 465 4604 Graecis
490 4483 538 4568 ad
554 4485 764 4608 ‘Romanos
793 4485 868 4571 else
892 4483 1064 4588 delatas,
1093 4484 1159 4572 sed
1186 4489 1431 4575 Britannicae
1455 4488 1548 4576 haec
1577 4493 1693 4605 origo
1708 4491 1793 4594 est,

307 4603 421 4710 quam
438 4591 585 4684 &ante
601 4595 782 4684 dixinius.
843 4597 946 4684 Frisii
959 4623 1024 4686 aut
1037 4600 1186 4686 barbati
1207 4603 1247 4687 ln
1263 4599 1375 4688 Frilia
1394 4599 1633 4690 Germanico
1654 4605 1791 4689 Caesa·

304 4713 451 4807 tieem
476 4703 797 4808 demonstrarunt.
852 4715 962 4808 Hinc
981 4711 1141 4934 'Mediqq
1164 4717 1300 4830 aliique
1331 4741 1459 4804 retum
1480 4705 1790 4920 memoqqibgiinfin

318 4883 327 4893 ·
473 4837 479 4873 ¹
1645 4857 1669 4919 u
1711 4857 1737 4922 0
1773 4884 1791 4935 2
1930 4906 1936 4918 .
