4292 5650
295 397 311 416 ,
458 280 633 398 nli·
668 287 714 392 B
744 285 795 392 R
830 281 1194 421 tur-BN
1225 285 1269 388 B
1299 291 1350 394 U
1383 287 1435 392 R
1469 285 1521 395 G
1557 287 1630 396 O(
1724 318 1823 418 '133
2055 345 2057 353 ,

239 535 251 550 ¹
314 497 415 586 dam
438 489 634 582 abduxiue
657 519 680 579 e
704 487 801 578 lttdo
829 491 1016 576 litterario
1024 550 1039 594 ‚
1069 489 1523 602 clamque'pruemisrsle,
1555 491 1600 576 &
1631 520 1724 576 mox
1756 489 1823 576 de-

311 615 427 699 serto·
445 625 610 718 repente
630 607 820 692 convivio
847 630 936 688 cum
967 603 1139 716 equitatu
1159 605 1399 704 insecutum,
1429 633 1472 687 ac
1491 607 1613 688 veluti
1629 603 1818 720 profugos
1898 666 1906 672 -
1939 627 1949 637 ·

310 743 366 812 'ac
384 722 637 834 reprehensos
656 721 698 802 in
717 720 862 804 catenis
882 714 1086 802 reduxisse.
1146 719 1208 802 Ex
1230 717 1367 826 quibus
1386 717 1661 830 intelligimum
1680 717 1817 803 ludum

315 837 430 923 bunc
446 833 674 920 litterarium
689 835 732 916 in
755 827 1032 926 Caninefattrm
1064 831 1227 944 regione
1254 826 1400 914 fuisse»
1431 829 1535 914 Puto
1561 851 1687 916 autern
1710 835 1818 918 Bar-

312 949 393 1038 :een
417 949 589 1032 Garum
615 943 929 1030 commodissime
963 939 1014 1028 de
1042 941 1194 1029 Scholis
1227 941 1378 1052 exponi
1413 939 1553 1052 polle,
1594 943 1636 1026 in
1678 947 1817 1056 quibus

252 1107 259 1120 ·
311 1062 477 1160 Bardi,
506 1085 605 1172 quos
625 1061 765 1145 ¹Larini
786 1056 1078 1145 Grammaticos
1101 1057 1144 1142 δι
1165 1053 1645 1168 Rhetoras·appellarrtnt,
1677 1058 1816 1142 Poetas

309 1173 575 1273 enarrabant,
605 1171 651 1257 dr
671 1173 906 1258 batavomm
934 1167 1285 1280 Caninefatumque
1328 1195 1479 1252 animos
1515 1165 1568 1251 ad
1601 1163 1817 1256 'carminum
1952 1197 1959 1207 ¹·

311 1284 571 1372 dulcedinem
601 1284 882 1394 Romanaeque
909 1284 1161 1394 eloquentiae
1181 1279 1302 1367 decus
1334 1301 1621 1392 praepararunt.
1649 1297 1654 1308 “
1682 1287 1815 1368 Voces

313 1397 474 1512 'quidem
504 1401 646 1483 Garue
672 1399 714 1484 ἃ
739 1397 896 1499 Betria,
925 1393 955 1480 fi
982 1394 1077 1507 quid
1108 1393 1259 1494 video,
1298 1421 1383 1479 non
1417 1393 1628 1480 abhorrent
1661 1395 1710 1481 ab
1744 1393 1817 1480 hac

308 1514 664 1622 interpretatione..
680 1512 889 1596 innumera
920 1507 1312 1619 exempla'constiput
1330 1505 1540 1592 schilterus
1560 1508 1600 1590 in
1625 1503 1816 1594 Gloslario
1855 1517 1858 1522 ’
1897 1554 1900 1565 s

310 1624 650 1724 ‹Teutonieo,··ut
679 1623 851 1724 doceat,
876 1627 1022 1706 Gerae
1059 1621 1399 1733 praeparationem
1429 1617 1710 1732 adsignificare.
1770 1621 1817 1706 ln

312 1738 364 1822 iis
393 1735 510 1822 etiam
532 1741 724 1822 nonnulla
740 1740 848 1836 sunt,
879 1737 919 1817 in
942 1734 1078 1854 quibus
1095 1761 1176 1816 vox
1202 1736 1266 1816 illa
1291 1755 1409 1839 aeque
1430 1731 1715 1820 institutionem
1732 1763 1816 1820 ver·

317 1870 401 1936 tere
427 1850 559 1957 pollis.
620 1853 679 1935 Et·
694 1847 797 1959 quid
821 1845 926 1930 aliud
957 1844 1169 1943 institutio,
1201 1871 1297 1955 quae
1328 1865 1359 1927 a·
1380 1844 1700 1956 Praeceptoribus
1724 1875 1816 1956 pro-

308 1961 522 2062 ·ficiscitur,
549 1988 664 2070 quam
696 1961 938 2072 praeparatio
973 1961 1216 2041 animorum?
1246 1955 1331 2041 lmo
1359 1955 1453 2066 quid
1482 1955 1737 2043 Grammatici
1771 1987 1814 2043 ac

176 2083 180 2091 '
310 2069 516 2162 Rhetores
535 2077 718 2184 consequi
741 2071 897 2159 student
924 2073 999 2156 suis
1023 2070 1332 2154 institutionibus
1363 2099 1407 2154 ac
1433 2069 1666 2181 praeceptis,
1691 2099 1815 2182 qnam

309 2215 542 2300 praeparare
564 2189 727 2304 ingenia
740 2185 789 2270 ad
810 2185 1025 2297 disciplinas
1043 2185 1247 2296 grauiores
1267 2182 1309 2266 &
1333 2184 1563 2293 ampliorem
1586 2189 1814 2272 earum-cul·

54 2339 63 2357 s
198 2385 211 2395 ,
312 2321 411 2386 tum.
468 2303 600 2406 Quare
625 2302 747 2385 etiam
768 2327 853 2383 non
877 2298 1103 2382 dubitarunt
1134 2325 1221 2380 eam
1249 2322 1390 2378 vocem
1421 2293 1601 2380 adhibere
1626 2295 1677 2382 de·
1703 2297 1815 2384 Prae·

316 2414 539 2522 ceptoribus
561 2414 713 2496 Latini·
763 2413 1002 2518 Exemplum·
1021 2435 1144 2491 unum
1165 2405 1219 2488 do
1249 2431 1308 2488 ex*
1329 2407 1578 2510 Quintiliano
1603 2407 1815 2496 Institutio·

314 2551 413 2612 num
450 2522 717 2608 Oratoriamrn
747 2523 847 2606 libro
886 2521 948 2604 lt..
979 2547 1062 2626 cap.
1095 2543 1136 2624 4
1176 2519 1354 2602 Sulebunt
1390 2519 1811 2606 Pennctrrones

309 2643 390 2725 neci
432 2661 552 2751 neque
593 2633 819 2740 inutili&
845 2635 951 2719 nobis
982 2639 1101 2717 etiem
1129 2632 1300 2744 jucundo
1336 2657 1480 2741 genere
1522 2637 1813 2720 exercitationis
1897 2719 1899 2722 ,

195 2803 203 2809 -
314 2754 666 2839 Passennus
702 2775 770 2834 nes
810 2743 1119 2859 conjessuralibus
1156 2741 1315 2857 cuuffls«
1344 2747 1417 2829 ·Ut
1462 2763 1588 2831 antem
1636 2745 1812 2836 Druidae

313 2862 577 2951 adolescentes
595 2860 694 2946 fidei
704 2863 790 2961 suae
812 2860 1032 2946 commissos
1049 2860 1292 2971 gravioribus
1319 2854 1529 2969 disciplinis
1549 2858 1811 2964 instruebant,
1938 2888 1942 2893 ·

312 2974 367 3065 fic
397 2972 518 3062 Bardi
550 2974 723 3059 Caturicis
760 2974 806 3059 dr
828 2974 1020 3073 Poetica,
1058 2974 1176 3081 iisque
1206 2974 1450 3079 praeceptis,
1482 2972 1621 3085 quibus
1648 2972 1808 3059 Poetica

313 3111 570 3199 comparatur.
628 3088 736 3172 Haec
760 3082 980 3185 causaest,
1009 3111 1078 3167 cur
1099 3082 1219 3167 Bardi
1244 3082 1317 3169 alio
1333 3084 1498 3166 nomine
1525 3081 1707 3191 Meisters
1727 3083 1810 3171 sue-

312 3204 392 3289 rint
410 3200 530 3306 diui,
559 3220 604 3286 ut
628 3196 972 3287 idem‘Schilterns
994 3195 1144 3297 docet,
1175 3193 1283 3280 unde
1312 3218 1462 3279 nomen
1494 3217 1729 3306 acceperunt
1749 3199 1824 3285 die‘

256 3348 270 3357 ³
312 3314 664 3425 Meister-zanger,
694 3340 859 3425 quorum
877 3308 983 3396 idem
1013 3308 1227 3397 Schiltems
1258 3306 1349 3392 facit
1369 3308 1628 3395 mentionem.
1688 3308 1808 3398 Forte

312 3430 358 3515 dr
378 3426 476 3514 inde
497 3423 943 3525 consuetudodefluxit,
974 3451 1070 3535 quae
1086 3421 1207 3507 bodie
1229 3423 1270 3505 in
1286 3422 1417 3504 multis
1440 3420 1676 3507 Germaniae
1695 3425 1807 3534 oppi-

311 3541 373 3629 dis
393 3544 574 3659 pagisque
595 3536 1180 3643 obstruatumutPraeceptores
1198 3561 1283 3618 una.
1294 3562 1382 3619 enm
1395 3530 1602 3645 Discipulis
1619 3562 1808 3626 canentes

310 3654 448 3743 sunem
476 3656 766 3767 prosequantur.
825 3653 928 3736 Nam
950 3668 994 3733 nt
1021 3650 1118 3733 olirn
1135 3645 1263 3731 ‘Bardi
1290 3648 1344 3731 illi
1376 3644 1510 3732 laudea
1535 3646 1807 3735 desunsiomnr

311 3766 560 3853 celebrabant
577 3768 620 3849 in
636 3765 861 3865 funeribus,
874 3759 928 3847 fic
944 3756 1066 3858 hodie
1083 3759 1259 3872 Magistri
1279 3758 1467 3869 puerique
1483 3758 1657 3873 hymnos
1681 3760 1805 3847 sacros

311 3896 468 3966 canunt.
495 3874 661 3984 Abjeoe
679 3878 796 3961 nimis
811 3874 863 3963 de
876 3872 1016 3961 Bardia
1036 3874 1151 3959 sentit
1165 3874 1360 3958 Henricus
1380 3868 1555 3955 Valesius
1571 3872 1610 3955 in
1632 3874 1738 3958 notis
1755 3870 1805 3959 ud

190 4038 194 4042 ·
308 3992 566 4081 Ammianum
588 3988 864 4077 Marcellinum
898 3989 999 4074 libro
1013 3987 1116 4073 XV.
1138 4014 1220 4097 cap.
1239 4012 1278 4093 9.
1308 3986 1375 4069 ub'i
1402 4010 1472 4068 eos
1493 3977 1665 4094 parasitis
1698 4014 1806 4071 com·

309 4127 697 4220 parat,nequuquam
708 4102 1135 4216 verodignitas,quam
1154 4100 1201 4181 iis
1221 4098 1360 4215 Strabo
1372 4096 1533 4198 tribuit,
1546 4094 1806 4205 parasstatiorri

307 4236 526 4324 ¹conventtt
537 4246 570 4301 ra
587 4220 695 4303 enim
713 4244 782 4302 eos
798 4217 902 4300 inter
922 4220 1093 4312 τιμωμένας
1110 4220 1327 4316 energiam
1347 4214 1476 4329 primo
1493 4214 1583 4295 loco
1608 4214 1804 4315 recenset3
1927 4270 1932 4281 x

309 4330 669 4434 recimerem,
700 4330 768 4441 qui
787 4349 940 4439 praeter
966 4345 1117 4410 ceteros
1141 4325 1329 4411 honorati
1353 4326 1450 4409 sunt.
1509 4323 1699 4411 Meminit
1723 4324 1804 4411 ludi

306 4444 486 4529 litterarii
509 4446 553 4529 in
575 4442 761 4529 inferiore
780 4444 924 4528 lnsulae
938 4458 1075 4550 parte,
1104 4466 1201 4548 quae
1221 4438 1457 4543 Batavorum
1471 4435 1514 4523 δι
1528 4436 1802 4524 Caninesatum

309 4552 406 4655 sirit,
435 4582 585 4664 quoque
599 4556 783 4642 Aurelius
799 4554 1005 4642 Cornelius
1026 4552 1069 4636 in
1084 4552 1244 4637 Batavia
1263 4554 1323 4637 sua
1340 4550 1440 4637 libro
1458 4550 1488 4633 l.
1509 4546 1801 4661 suprascripsit

183 4719 186 4724 ·
307 4670 373 4860 ille
396 4666 506 4795 bttnc
536 4670 712 4761 libellum
747 4671 911 4759 ineunte
944 4663 1026 4755 sere
1062 4666 1214 4871 sappum
1248 4658 1585 4766 sextodecimo,
1624 4660 1801 4857 dubiam·

322 4835 328 4850 ,
433 4846 438 4855 ,
980 4838 985 4845 ,
1161 4804 1190 4889 3
1342 4870 1346 4880 .
1734 4800 1802 4863 um
