4292 5650
334 367 402 444 aa
531 332 1686 447 nausicaauauacao.
1851 421 1856 430 ·

341 541 572 654 appellamm
591 531 767 636 testaurr,
795 531 1457 649 esiffimaquerl‘metoriumtneo
1473 540 1850 643 nmtembirsuue
1996 553 2000 556 ’

340 651 648 748 monasterium,
689 644 794 734 finire
817 647 1088 755 P.·Qulnetilii
1109 657 1230 755 Vtri,
1256 655 1326 764 qui
1339 652 1615 742 inGcrmuoia
1633 653 1848 743 Tunes»

341 794 447 852 nana
469 787 547 851 tres
571 762 750 877 legiones
768 758 951 870 perdidit.
1007 767 1243 879 Quanquam
1258 787 1388 853 autem
1408 769 1586 878 Cupenrs
1607 796 1691 852 non
1714 763 1853 866 addit,

341 906 423 991 quo
460 879 503 961 in'
532 879 624 960 loco
646 875 833 957 inventus
859 871 1041 986 sitlapis,
1070 880 1318 990 quiMuttus'
1337 883 1498 967 Brittas
1515 883 1709 991 loquitur,
1739 875 1851 964 dubi-

343 987 506 1076 tandum
526 1010 657 1073 tamen
678 1009 763 1072 non
785 983 868 1086 est,
898 990 996 1102 quin
1018 989 1120 1080 haud
1140 995 1266 1101 lotape
1284 992 1332 1082 ah
1349 991 1483 1077 iisdem
1500 993 1638 1078 Castris
1655 993 1748 1077 olins
1764 1021 1785 1075 a
1799 992 1847 1076 1.

344 1104 506 1188 Valerio
535 1098 737 1209 (Vaerius
754 1093 879 1184 edidit
894 1103 1101 1214 Capenas,
1129 1104 1197 1192 sud
1212 1107 1244 1190 is
1261 1125 1334 1190 aut
1355 1105 1549 1215 striptoris
1578 1125 1643 1188 aut
1660 1126 1849 1216 typogra-

342 1215 414 1328 phi
442 1241 549 1300 error
570 1211 659 1312 ests
688 1208 839 1300 tametfi
864 1239 950 1304 nun
975 1216 1160 1331 ignum,
1178 1219 1324 1306 litteras
1350 1216 1448 1303 duas
1479 1221 1652 1327 pluresve
1670 1219 1711 1302 in
1729 1243 1849 1302 unam

342 1325 524 1414 contrahi
560 1323 684 1410 solere
711 1334 1032 1440 nonnunquam)
1078 1331 1202 1418 milite
1234 1332 1403 1446 legionis
1452 1329 1672 1444 trigesimae
1710 1329 1851 1438 Ulpiae

343 1439 530 1526 Vidricis
556 1433 673 1522 suerit
703 1432 864 1548 positus.
933 1441 1196 1530 lmu'cametlr
1222 1445 1267 1532 dc
1295 1441 1455 1530 schedae
1479 1443 1850 1554 Papenbroeltianae
1894 1486 1898 1496 ·

344 1547 1341 1776 sipihhhhissl⁰30l3sllihnied2siffllh³b
1359 1553 1499 1756 iridis
1506 1553 1850 1778 slthlstli

522 1723 523 1727 ¹
831 1719 857 1762 -2
1216 1738 1218 1741 -
1304 1716 1363 1771 θ’
1428 1707 1435 1719 “
1559 1708 1563 1715 ’
1646 1751 1648 1753 ,
1691 1723 1707 1764 2
1769 1748 1772 1756 .

335 1777 445 1864 -haec
467 1775 598 1862 Rheni
614 1773 779 1860 limitem
795 1772 929 1862 inillis
946 1779 1174 1865 causaest
1194 1780 1304 1867 auita
1336 1776 1439 1868 Inde.
1454 1697 1850 1886 domi-tutamenta

331 1891 483 1979 -omnia
505 1889 679 1976 Romana
689 1940 704 1986 ,
721 1913 889 2010 quorum
914 1885 1141 1976 feracissima
1162 1890 1217 1974 est
1235 1887 1311 1974 illic
1328 1909 1426 1972 tenu
1438 1889 1698 2007 ,legioueilh
1712 1908 1851 1980 uotuta

345 2005 572 2116 reperimus.
604 1998 674 2085 Tu
691 1997 783 2081 vide
802 2026 870 2099 ea,
894 2003 994 2107 quae
1014 2000 1174 2113 Pighius
1188 2002 1233 2087 in
1252 2002 1423 2086 Hercule
1440 2002 1507 2087 stan
1525 2004 1709 2111 protulit,
1734 2027 1849 2110 qaue,
1923 2061 1930 2066 -

347 2145 425 2230 que
449 2133 654 2226 praeterea
674 2108 791 2196 habet
809 2109 1012 2226 Altingius
1032 2115 1075 2198 in
1088 2116 1237 2200 notitia
1252 2109 1492 2203 'Germaniae
1508 2111 1713 2200 inferioris
1733 2131 1849 2223 purte

334 2231 377 2315 ·l.
407 2253 507 2314 vnce
531 2225 566 2308 C
576 2245 749 2310 aaran
788 2223 970 2310 Uarro.
1008 2225 1202 2338 Denique
1228 2225 1554 2336 quae'Muuritius
1575 2224 1781 2314 Nissenius
1801 2225 1846 2318 iu
1929 2238 1933 2244 “

347 2345 411 2430 sua
450 2333 699 2450 Bergendala
747 2333 849 2448 Agri
886 2335 1120 2441 Clivenlis,
1170 2337 1450 2450 conspicienda
1475 2338 1690 2438 exhihuit,
1733 2354 1851 2450 utque
1893 2346 1919 2422 ¹,

321 2455 468 2544 ‘etiam
484 2478 594 2536 nunc
610 2450 654 2534 in
672 2473 717 2532 ea
736 2449 920 2538 visuntur.
977 2451 1255 2541 Memuruutur
1283 2470 1412 2542 autem
1439 2479 1462 2538 a
1487 2451 1851 2561 scriptoribusdclu

349 2566 617 2656 monumentis
635 2558 789 2644 vetustis
809 2589 879 2670 per
900 2561 967 2648 has
985 2585 1103 2652 terras
1122 2565 1434 2674 CtrstmsVetem,
1460 2563 1599 2676 Castau
1613 2566 1753 2677 Ulpia,
1771 2563 1854 2654 ··Cu·

349 2683 452 2767 lunia
479 2677 665 2785 Trujaua.
698 2673 743 2756 ln
761 2673 895 2780 quibus
915 2675 1195 2762 constituendis
1214 2674 1470 2762 vehementer
1491 2678 1722 2763 laboratura
1746 2676 1852 2758 Viris

349 2788 555 2903 superioris
571 2783 706 2871 saeculi
723 2781 1000 2876 eruditissimis.
1059 2790 1173 2876 Visus
1195 2789 1250 2876 est
1264 2785 1618 2902 srbi'Hieronymus
1638 2787 1766 2876 Surita
1786 2815 1853 2873 an·

350 2908 502 3015 'tiquum
529 2897 865 2998 illudllntonini,
893 2920 937 2985 ut
955 2904 1190 3013 appellatur,
1220 2904 1462 2995 itinerarium
1486 2898 1716 3010 expediisse,
1733 2928 1851 3012 quem

101 3036 102 3041 '
212 3038 217 3043 “
349 3017 443 3105 uide
470 3012 519 3099 ad
547 3038 635 3125 pag.
673 3030 736 3116 55.
763 3010 812 3109 ,dr
834 3022 908 3120 ,8⁴3.
939 3014 1060 3106 ,Plura
1081 3044 1179 3105 vero
1210 3014 1417 3127 disputarit
1440 3014 1601 3126 Pighius
1618 3016 1661 3097 in
1681 3014 1852 3099 Hercule
1919 3118 1923 3125 Ι

350 3128 536 3219 Prodicio
563 3152 654 3239 pag.
672 3148 755 3226 ,ap
785 3150 860 3209 nuc
885 3129 1067 3243 pauciora
1082 3125 1177 3217 hiric
1195 3127 1364 3238 reposuit
1385 3124 1636 3209 Wemherus
1652 3122 1855 3212 Teschen·

350 3240 505 3329 macher
533 3241 574 3321 in
600 3235 820 3319 Annalibus
846 3238 991 3323 Cliniae
1020 3258 1129 3347 parte
1154 3243 1184 3321 1.
1213 3265 1301 3349 pag.
1325 3260 1391 3340 24.
1410 3254 1474 3339 25.
1532 3236 1631 3321 Non
1647 3236 1767 3322 etiam
1783 3232 1852 3321 de·
1919 3287 1924 3293 -

351 3356 428 3443 hit
454 3350 631 3463 partibus
656 3346 728 3433 suis
764 3344 968 3461 Altingius
998 3344 1105 3433 dido
1131 3351 1257 3447 loco,
1285 3368 1351 3433 aut
1373 3347 1577 3434 Cluverius
1594 3346 1641 3435 δι
1665 3349 1849 3447 Cellasiu,
1998 3342 2005 3347 ,

353 3461 685 3577 Geegraphorum
711 3456 923 3567 Principes.
961 3460 1016 3545 Hi
1035 3459 1133 3571 quid
1150 3462 1347 3548 consecuti
1364 3456 1465 3562 lint,
1494 3458 1638 3549 uiderit
1659 3461 1718 3548 Cl.
1731 3461 1850 3553 Wss

352 3576 537 3689 selingiua
565 3564 755 3657 Professor
781 3572 1123 3684 Franequerunus,
1152 3573 1215 3683 qui
1240 3600 1330 3657 cunt
1355 3576 1523 3659 maxime
1550 3576 1594 3657 in
1624 3572 1779 3674 coest,
1807 3589 1853 3663 ut
1982 3601 1987 3609 ·

352 3704 499 3783 nouam
525 3681 745 3772 editionem
765 3684 866 3769 illius
890 3687 1081 3773 itinerarii
1103 3707 1224 3800 paret.
1283 3686 1372 3773 Nos
1402 3712 1556 3795 quoque
1569 3686 1854 3796 opportunius

352 3810 443 3895 loco
465 3801 519 3887 de
548 3826 600 3883 eo
627 3792 856 3883 uidebimus.
914 3798 1137 3887 Hadrianus
1168 3796 1344 3888 Valehus
1364 3798 1523 3908 quidem
1540 3800 1584 3883 in
1607 3799 1747 3887 notitia
1764 3798 1865 3889 Gal-'¹

354 3920 489 4005 liatum
504 3938 593 4024 pag.
621 3930 709 4015 150.
741 3908 927 3995 affirmare
949 3940 1032 4001 non
1055 3912 1231 4012 dubitat,
1260 3914 1333 4001 tria
1353 3914 1442 4014 illa,
1472 3940 1572 4023 quae
1596 3907 1703 4014 dlxi,
1731 3914 1853 3998 Colo·

355 4030 461 4117 niam
483 4026 714 4129 Traianum,
745 4022 876 4108 Castra
896 4027 1012 4135 Ulpia
1034 4024 1080 4112 tle
1093 4024 1367 4125 Tricesimum,
1394 4026 1506 4111 unius
1526 4020 1766 4134 ejusdemque
1791 4025 1851 4111 lo·

356 4144 395 4229 ci
423 4140 585 4227 nomina
611 4133 695 4234 elle.
765 4135 914 4221 Renum
946 4159 1075 4227 autem
1101 4136 1369 4225 Batavicarum
1397 4136 1635 4249 scriptores,
1663 4157 1851 4246 tanquam
1887 4228 1890 4239 ,

337 4255 490 4344 aliena
513 4282 534 4337 a
559 4251 653 4348 sese,
683 4247 826 4335 intaiia
841 4249 947 4337 ‘haec
973 4252 1278 4363 praeterierunt,
1306 4271 1402 4363 quae
1419 4247 1540 4339 catilla
1554 4249 1635 4350 est,
1651 4274 1853 4343 scurnum·

356 4371 462 4455 nulla
484 4362 581 4451 inde
614 4361 840 4469 explicanda
861 4363 1114 4451 obscurilsuna
1133 4362 1199 4449 sthi
1215 4364 1543 4474 expertisuerint.
1589 4362 1853 4456 Nemoeuitn

357 4480 516 4570 Veteris
535 4476 720 4571 Butasiae
738 4497 990 4562 monumenta
1017 4475 1233 4589 intelligere
1257 4477 1405 4587 potest,
1434 4473 1771 4576 oleastrorum,
1800 4478 1855 4571 le·

357 4597 551 4710 gionum,
579 4592 832 4697 locorumque
850 4586 1024 4671 omnium
1051 4588 1483 4696 autiquaeGermaniae
1504 4589 1697 4674 rationem
1718 4589 1865 4703 cogni.
1911 4640 1915 4645 ·
1986 4638 1990 4641 -

359 4729 439 4797 tatu
474 4703 624 4795 haheat
681 4695 885 4801 Manifesta
902 4698 1014 4810 hujus
1032 4702 1088 4791 rei
1106 4700 1224 4799 euulsa
1242 4702 1307 4793 est.
1361 4700 1856 4824 ‚Unius-namqueProvin·

1100 4853 1105 4868 ·
1774 4836 1858 4897 ctae
