4292 5650
333 319 416 413 150
549 300 1037 426 Onouuuarrouus
1090 323 1150 389 ru
1198 300 1600 409 Muurruamn
1644 419 1648 427 ¹

395 514 484 613 noa
502 478 1047 619 contoaBegasbnborom
1066 484 1309 587 nominibus
1326 484 1652 621 Miſsurum„
1678 494 1832 630 Quon-

254 658 259 684 ·
400 640 448 716 ta
473 616 732 747 existimatio
751 614 1038 718 Britannicae
1047 616 1205 745 suerii
1231 618 1410 725 Romae
1453 621 1834 734 'Immoelieirllou
1896 679 1899 688 ·

399 752 521 853 dibus
551 786 644 851 eom
680 756 852 853 extollit
884 751 1077 856 Aerior.
1150 756 1393 893 Perpooom
1438 760 1617 865 Plinius
1645 776 1831 896 ⁴co'tottor.
1897 836 1927 852 -ι

355 936 360 949 ’
399 889 678 1019 Dioscorides
702 924 785 1024 quo
813 912 1003 1024 teoipore
1027 898 1207 1023 uixerit,
1279 896 1600 1003 llsoenaulloram
1624 894 1756 1020 eilia
1782 906 1834 1007 de

309 1052 321 1075 ”
398 1048 536 1124 aetate
554 1029 646 1157 ep'us
656 1028 987 1162 preslaiogioor,
1039 1008 1144 1159 Qlo
1164 1052 1353 1165 ternpore
1376 1034 1555 1137 Graecis
1577 1022 1845 1164 &latinio
1887 1104 1893 1115 ·

399 1160 945 1271 Britannicoinaoeueoit.
1017 1165 1208 1295 Quaado
1244 1166 1535 1289 Geomioieus
1561 1184 1609 1273 ia
1642 1175 1831 1277 Germa·

398 1309 517 1399 aiam
537 1307 598 1396 mi
631 1336 693 1399 us.
763 1299 946 1399 Seruilii
971 1300 1257 1403 Damocrotis
1283 1332 1401 1408 aetas
1428 1308 1683 1445 inquiritur.
1720 1309 1832 1413 Bri·

398 1444 572 1536 taonico
591 1471 676 1535 aon
697 1433 830 1535 berla
852 1435 1056 1571 Magire„
1133 1482 1137 1491 ¹

324 1742 328 1752 ·
386 1706 452 1791 Pa
466 1734 506 1793 c.
531 1708 613 1793 Vl.
641 1704 892 1813 Jostiaioaos
908 1722 1038 1791 autem
1051 1712 1214 1820 optimos
1227 1708 1442 1823 'Imperator
1457 1714 1501 1801 ob
1514 1695 1694 1831 iifigoum
1712 1722 1831 1809 etiam

329 1821 492 1905 Halae
523 1822 637 1932 hujus
669 1818 859 1935 quondam
886 1820 993 1931 apud
1011 1818 1203 1907 Romanos
1235 1824 1550 1943 exssimalioaeop
1566 1888 1581 1929 ,
1598 1830 1653 1939 ,je
1679 1857 1830 1947 quoquo

329 1938 481 2050 reliquo
498 1938 604 2021 inter
621 1937 842 2043 cognomina
860 1932 1134 2019 Bnl'rauur
1146 1960 1248 2021 cunt
1264 1938 1451 2053 siripstffl
1466 1944 1652 2029 credibile.
1670 1946 1829 2033 ’Frulira

194 2156 198 2160 q
328 2046 495 2161 quaesti
511 2046 727 2133 Britannici
750 2064 976 2159 cognomen
993 2050 1099 2133 inter
1118 2050 1576 2167 cognominajustiniani
1595 2058 1736 2167 optimi
1755 2060 1831 2147 sm-

327 2165 540 2275 peratoris,
570 2158 689 2247 credo
713 2160 1117 2275 autemJustinianum
1136 2162 1360 2275 Principem
1377 2167 1514 2252 eumsr
1547 2169 1829 2271 nificare,n0n

327 2274 605 2387 posteriorem,
637 2273 702 2385 qui
721 2272 917 2357 obrecisas
940 2302 1052 2358 nares
1077 2272 1351 2361 Rhinotmetus
1380 2276 1433 2363 est
1453 2276 1493 2365 di
1535 2308 1604 2383 ue,
1634 2279 1701 2367 sed
1721 2284 1828 2401 Jurit

213 2422 217 2429 ·
327 2388 500 2475 Romani
522 2388 629 2473 illum
648 2384 899 2473 architedlum
918 2386 1221 2490 nobilissimum,
1253 2397 1357 2494 cujus
1374 2388 1612 2505 cognomina
1631 2398 1830 2485 nonPro·

327 2503 490 2615 copius,
520 2498 738 2615 Agathias,
769 2500 919 2593 Paullus
938 2502 1140 2587 Diaconos
1160 2520 1314 2586 tantum
1331 2524 1575 2605 memorant,
1604 2504 1670 2594 sed
1688 2507 1731 2594 u
1750 2512 1830 2621 ipse

328 2644 575 2729 nequaquam
602 2642 738 2699 eorum
761 2642 897 2725 parcus
918 2610 994 2698 suit
1020 2634 1086 2698 aut
1114 2614 1232 2699 nimis
1259 2612 1503 2701 verecundus
1526 2646 1678 2729 praeco
1738 2624 1831 2709 Col·

328 2734 427 2848 legit
447 2731 562 2815 etiam
591 2726 634 2813 ac
660 2730 836 2838 exposuit
866 2724 1015 2842 singula
1046 2726 1208 2813 Gabriel
1230 2725 1455 2814 'Trevorius
1474 2734 1517 2816 in
1539 2733 1828 2822 Observatione

330 2844 607 2960 Apologctica.
666 2844 939 2954 Exposuetunt
956 2835 1093 2926 eadem
1111 2841 1169 2956 alii
1179 2897 1193 2942 ,
1222 2837 1287 2927 sed
1307 2845 1480 2930 nominis
1503 2845 1727 2932 Britannici
1743 2851 1830 2934 nul-

331 2959 390 3044 lus
416 2959 605 3046 meminit.
668 2958 816 3040 Verum
842 2953 900 3040 sac
920 2951 1190 3040 Britannicum
1214 2983 1301 3040 eum
1328 2955 1501 3061 diuam,
1532 2961 1615 3072 quis
1636 2987 1719 3048 non
1749 2965 1830 3050 exi·

207 3112 210 3117 ⁴
333 3073 462 3159 stimet
487 3103 506 3155 a
526 3070 759 3155 Britannicis
782 3069 937 3169 insulis,
966 3091 1028 3153 aut
1048 3068 1236 3182 gentibus
1263 3067 1340 3156 hoc
1363 3099 1594 3184 cognomen
1617 3069 1685 3158 fibi
1710 3073 1830 3187 adop'·

332 3186 424 3272 talse
448 3184 497 3270 ad
516 3179 808 3268 similitudinem
836 3185 1071 3294 reliquorum
1094 3183 1339 3285 nominum,
1378 3213 1476 3296 quae
1501 3181 1759 3304 aprolligatis
1786 3189 1831 3276 Bo

190 3352 193 3359 ,
334 3299 492 3386 domitis
510 3297 696 3412 gentibus
717 3293 897 3380 adscivit?
928 3317 1043 3407 atque
1059 3291 1107 3378 ad
1126 3301 1347 3408 exemplum
1367 3324 1501 3384 eorum
1519 3299 1825 3410 Imperatorum,

333 3415 400 3524 qui
427 3445 446 3498 a
472 3409 637 3495 deviliis
658 3409 856 3494 Britannis
879 3409 956 3493 sese
985 3408 1231 3494 Britannicos
1260 3407 1468 3498 dixerunt?
1498 3409 1648 3497 tametsi
1678 3435 1829 3512 tantum

335 3523 468 3623 abest,
504 3519 762 3640 justinianum
792 3521 1034 3606 Britanniam
1060 3517 1276 3625 domuisse,
1311 3545 1356 3610 ut
1383 3547 1517 3610 contra
1542 3553 1679 3636 parram
1708 3534 1830 3613 notae

333 3638 520 3726 Romanis
542 3628 770 3745 Graecisque
793 3633 1093 3746 Imperatoribus
1118 3637 1452 3750 scriptoribusque
1485 3635 1553 3722 eae
1576 3638 1717 3731 insulae
1743 3637 1828 3735 sue·

334 3755 413 3841 rint
442 3781 513 3864 per
530 3748 736 3868 justiniani
764 3769 964 3859 tempora,
995 3747 1089 3835 uide
1113 3745 1627 3838 Differtanonemnostram
1647 3749 1830 3840 'maxime

333 3899 403 3969 ea,
433 3895 530 3980 quae
556 3862 607 3950 de
626 3864 806 3974 Procopii
829 3863 965 3948 Brittia
988 3861 1265 3975 disputavimus
1291 3867 1384 3975 Cap.
1402 3868 1440 3972 6.
1456 3893 1544 3980 pag·
1569 3885 1587 3970 5
1595 3887 1631 3970 .⁷·
1654 3866 1698 3952 &
1718 3889 1755 3972 7.
1787 3893 1831 3952 ae

333 3983 574 4092 potissimum
599 3977 665 4062 sub
684 3985 762 4083 eius
797 3971 889 4062 fine.
949 3973 1306 4092 Dudumnamque
1329 3979 1417 4066 illae·
1442 3979 1588 4065 Insulae
1615 4001 1826 4090 occupatae

337 4115 419 4177 tum
438 4114 548 4179 erant
564 4122 584 4175 a
599 4092 819 4176 saxonibus
837 4092 987 4202 aliisque
1007 4091 1186 4178 barbaris.
1247 4093 1399 4178 Contra
1413 4120 1511 4176 vero
1537 4091 1619 4202 quis
1635 4093 1767 4178 credat
1786 4090 1829 4178 id

335 4209 507 4308 nominis
525 4203 687 4293 induisse
705 4201 772 4292 sibi
792 4204 838 4290 ab
854 4205 974 4292 herba
997 4205 1038 4292 in
1058 4205 1209 4306 hostico
1231 4203 1348 4306 luco,
1365 4203 1583 4320 srisronuu
1607 4225 1750 4310 tetram
1773 4203 1831 4308 di·

297 4407 306 4410 -
337 4347 411 4419 cu,
432 4319 619 4417 inventa,
636 4312 753 4428 quaun
775 4341 915 4408 terram
937 4315 1043 4406 neci
1075 4313 1114 4406 sc'
1130 4313 1363 4435 justinianus
1382 4315 1652 4449 malegloriis,
1662 4315 1832 4426 'ejus'uni

338 4435 453 4548 'altram
474 4429 680 4531 adierunt,
710 4427 967 4520 dudu'mante
984 4344 1241 4548 Jussinianum
1261 4435 1456 4550 Romanis
1471 4422 1831 4552 ,ereptantlsssaud

336 4552 481 4662 ignoro
504 4541 679 4630 &docet
701 4541 844 4626 Plinius
869 4544 1063 4629 Naturalis
1093 4541 1279 4634 Historiae
1304 4549 1427 4636 Libro
1447 4541 1704 4658 isis-anp
1727 4547 1763 4654 ᾗ.
1788 4547 1831 4630 &

338 4686 376 4772 7.
406 4685 520 4776 atque
541 4658 619 4774 ipse
638 4657 887 4775 Muntingius
908 4653 950 4742 in
970 4655 1239 4785 Dedicatione
1263 4664 1393 4774 opens
1410 4663 1498 4766 suh.
1518 4653 1834 4856 sperbaoslcgugtc·

979 4859 1074 4898 b.
